<?xml version="1.0" encoding="UTF-8"?><collection xmlns="http://www.loc.gov/MARC21/slim"><record><leader>00000nz  a2200000n  4500</leader><controlfield tag="001">2322</controlfield><controlfield tag="003">NzReo</controlfield><controlfield tag="008">060531 n anznnbab|          || ana      </controlfield><datafield tag="040" ind1=" " ind2=" "><subfield code="a">Nz</subfield><subfield code="c">Nz</subfield><subfield code="f">reo</subfield></datafield><datafield tag="150" ind1=" " ind2=" "><subfield code="a">Ahaaha</subfield></datafield><datafield tag="450" ind1=" " ind2=" "><subfield code="a">Shark tooth swords</subfield></datafield><datafield tag="450" ind1=" " ind2=" "><subfield code="a">Swords, Māori</subfield></datafield><datafield tag="450" ind1=" " ind2=" "><subfield code="a">Swords, Shark tooth</subfield></datafield><datafield tag="550" ind1=" " ind2=" "><subfield code="w">g</subfield><subfield code="a">Rākau ā Tū</subfield></datafield><datafield tag="680" ind1=" " ind2=" "><subfield code="i">Whakamārama: He rākau patu tangata, he rite ki te kani te hanga, he niho mangō whakamaua ai ki te rau.</subfield></datafield><datafield tag="680" ind1=" " ind2=" "><subfield code="i">Scope Note: A swordlike weapon with shark teeth mounted on the edges of the blade.</subfield></datafield></record>