<record><leader>00000nz  a2200000n  4500</leader><controlfield tag="001">466</controlfield><controlfield tag="003">NzReo</controlfield><controlfield tag="008">050624 n anznnbab|          || ana      </controlfield><datafield tag="040" ind1=" " ind2=" "><subfield code="a">Nz</subfield><subfield code="c">Nz</subfield><subfield code="f">reo</subfield></datafield><datafield tag="150" ind1=" " ind2=" "><subfield code="a">Ahi kā</subfield></datafield><datafield tag="450" ind1=" " ind2=" "><subfield code="a">Land occupation</subfield></datafield><datafield tag="550" ind1=" " ind2=" "><subfield code="a">Hapū</subfield></datafield><datafield tag="550" ind1=" " ind2=" "><subfield code="a">Kaitiakitanga</subfield></datafield><datafield tag="550" ind1=" " ind2=" "><subfield code="a">Papakāinga</subfield></datafield><datafield tag="550" ind1=" " ind2=" "><subfield code="a">Whenua tupuna</subfield></datafield><datafield tag="550" ind1=" " ind2=" "><subfield code="w">g</subfield><subfield code="a">Mana whenua</subfield></datafield><datafield tag="550" ind1=" " ind2=" "><subfield code="w">g</subfield><subfield code="a">Tikanga</subfield></datafield><datafield tag="680" ind1=" " ind2=" "><subfield code="i">Whakamārama: Kei te kaa tonu ngā ahi o te tangata whenua ahakoa kei wīwī kei wāwā.</subfield></datafield><datafield tag="680" ind1=" " ind2=" "><subfield code="i">Scope Note: 'Keep the home fires burning.' As long as there are people (iwi, whānau, hapū) residing on the land, those people can exercise land ownership and stewardship.</subfield></datafield></record>