<record><leader>00000nz  a2200000n  4500</leader><controlfield tag="001">2393</controlfield><controlfield tag="003">NzReo</controlfield><controlfield tag="008">060531 n anznnbab|          || ana      </controlfield><datafield tag="040" ind1=" " ind2=" "><subfield code="a">Nz</subfield><subfield code="c">Nz</subfield><subfield code="f">reo</subfield></datafield><datafield tag="150" ind1=" " ind2=" "><subfield code="a">Ahi marae</subfield></datafield><datafield tag="450" ind1=" " ind2=" "><subfield code="a">Ahi horokaka</subfield></datafield><datafield tag="450" ind1=" " ind2=" "><subfield code="a">Ahi marae taua</subfield></datafield><datafield tag="450" ind1=" " ind2=" "><subfield code="a">Battle rites</subfield></datafield><datafield tag="450" ind1=" " ind2=" "><subfield code="a">Rites, Battle</subfield></datafield><datafield tag="550" ind1=" " ind2=" "><subfield code="a">Kākari</subfield></datafield><datafield tag="550" ind1=" " ind2=" "><subfield code="a">Pakanga</subfield></datafield><datafield tag="550" ind1=" " ind2=" "><subfield code="w">g</subfield><subfield code="a">Tikanga</subfield></datafield><datafield tag="680" ind1=" " ind2=" "><subfield code="i">Whakamārama: Ko te ahi me te hāngi tapu mō te whakarewanga i te ope taua.</subfield></datafield><datafield tag="680" ind1=" " ind2=" "><subfield code="i">Scope Note: A rite in connection with men about to set out on a taua/battle, including a ceremonial fire and hāngi.</subfield></datafield></record>