<record><leader>00000nz  a2200000n  4500</leader><controlfield tag="001">2147</controlfield><controlfield tag="003">NzReo</controlfield><controlfield tag="008">060529 n anznnbab|          || ana      </controlfield><datafield tag="040" ind1=" " ind2=" "><subfield code="a">Nz</subfield><subfield code="c">Nz</subfield><subfield code="f">reo</subfield></datafield><datafield tag="150" ind1=" " ind2=" "><subfield code="a">Ahi tapu</subfield></datafield><datafield tag="450" ind1=" " ind2=" "><subfield code="a">Fires, Ceremonial</subfield></datafield><datafield tag="550" ind1=" " ind2=" "><subfield code="w">g</subfield><subfield code="a">Tikanga</subfield></datafield><datafield tag="680" ind1=" " ind2=" "><subfield code="i">Whakamārama: He ahi mō ngā whakaritenga a ngā tohunga.</subfield></datafield><datafield tag="680" ind1=" " ind2=" "><subfield code="i">Scope Note: Ritual or ceremonial fires and the ceremonies associated with them.</subfield></datafield></record>