<record><leader>00000nz  a2200000n  4500</leader><controlfield tag="001">1158</controlfield><controlfield tag="003">NzReo</controlfield><controlfield tag="008">060331 n anznnbab|          || ana      </controlfield><datafield tag="040" ind1=" " ind2=" "><subfield code="a">Nz</subfield><subfield code="c">Nz</subfield><subfield code="f">reo</subfield></datafield><datafield tag="150" ind1=" " ind2=" "><subfield code="a">Aho</subfield></datafield><datafield tag="450" ind1=" " ind2=" "><subfield code="a">Fishing lines</subfield></datafield><datafield tag="450" ind1=" " ind2=" "><subfield code="a">Lines, Fishing</subfield></datafield><datafield tag="550" ind1=" " ind2=" "><subfield code="w">g</subfield><subfield code="a">Taputapu hī ika</subfield></datafield><datafield tag="680" ind1=" " ind2=" "><subfield code="i">Whakamārama: He momo taura.</subfield></datafield></record>