<record><leader>00000nz  a2200000n  4500</leader><controlfield tag="001">515</controlfield><controlfield tag="003">NzReo</controlfield><controlfield tag="008">050624 n anznnbab|          || ana      </controlfield><datafield tag="040" ind1=" " ind2=" "><subfield code="a">Nz</subfield><subfield code="c">Nz</subfield><subfield code="f">reo</subfield></datafield><datafield tag="150" ind1=" " ind2=" "><subfield code="a">Ahu māra</subfield></datafield><datafield tag="450" ind1=" " ind2=" "><subfield code="a">Mahi māra</subfield></datafield><datafield tag="450" ind1=" " ind2=" "><subfield code="a">Gardening</subfield></datafield><datafield tag="450" ind1=" " ind2=" "><subfield code="a">Horticulture</subfield></datafield><datafield tag="550" ind1=" " ind2=" "><subfield code="a">Hauhake</subfield></datafield><datafield tag="550" ind1=" " ind2=" "><subfield code="a">Hua rākau</subfield></datafield><datafield tag="550" ind1=" " ind2=" "><subfield code="a">Hua whenua</subfield></datafield><datafield tag="550" ind1=" " ind2=" "><subfield code="a">Maramataka</subfield></datafield><datafield tag="550" ind1=" " ind2=" "><subfield code="a">Matariki</subfield></datafield><datafield tag="550" ind1=" " ind2=" "><subfield code="a">Rīwai</subfield></datafield><datafield tag="550" ind1=" " ind2=" "><subfield code="w">g</subfield><subfield code="a">Ahu whenua</subfield></datafield><datafield tag="550" ind1=" " ind2=" "><subfield code="w">h</subfield><subfield code="a">Māra</subfield></datafield><datafield tag="550" ind1=" " ind2=" "><subfield code="w">h</subfield><subfield code="a">Pū wairākau</subfield></datafield><datafield tag="550" ind1=" " ind2=" "><subfield code="w">h</subfield><subfield code="a">Taputapu ahu whenua</subfield></datafield><datafield tag="680" ind1=" " ind2=" "><subfield code="i">Whakamārama: He mahi hei tipu hua whenua, hua rākau rānei.</subfield></datafield><datafield tag="680" ind1=" " ind2=" "><subfield code="i">Scope Note: Cultivation of fruits, vegetables, nuts and ornamental plants.</subfield></datafield></record>