<record><leader>00000nz  a2200000n  4500</leader><controlfield tag="001">4699</controlfield><controlfield tag="003">NzReo</controlfield><controlfield tag="008">151215 n anznnbab|          || ana      </controlfield><datafield tag="040" ind1=" " ind2=" "><subfield code="a">Nz</subfield><subfield code="c">Nz</subfield><subfield code="f">reo</subfield></datafield><datafield tag="150" ind1=" " ind2=" "><subfield code="a">Āhua</subfield></datafield><datafield tag="450" ind1=" " ind2=" "><subfield code="a">Forms</subfield></datafield><datafield tag="450" ind1=" " ind2=" "><subfield code="a">Shapes</subfield></datafield><datafield tag="550" ind1=" " ind2=" "><subfield code="w">g</subfield><subfield code="a">Āhuahanga</subfield></datafield><datafield tag="680" ind1=" " ind2=" "><subfield code="i">Whakamārama: Te hanga o tētahi mea.</subfield></datafield><datafield tag="680" ind1=" " ind2=" "><subfield code="i">Scope Note: Shape or form.</subfield></datafield></record>