<record><leader>00000nz  a2200000n  4500</leader><controlfield tag="001">951</controlfield><controlfield tag="003">NzReo</controlfield><controlfield tag="008">050831 n anznnbab|          || ana      </controlfield><datafield tag="040" ind1=" " ind2=" "><subfield code="a">Nz</subfield><subfield code="c">Nz</subfield><subfield code="f">reo</subfield></datafield><datafield tag="150" ind1=" " ind2=" "><subfield code="a">Āhuarangi</subfield></datafield><datafield tag="450" ind1=" " ind2=" "><subfield code="a">Ahua o ngā rangi</subfield></datafield><datafield tag="450" ind1=" " ind2=" "><subfield code="a">Climate</subfield></datafield><datafield tag="550" ind1=" " ind2=" "><subfield code="a">Āhua-o-te-rangi</subfield></datafield><datafield tag="550" ind1=" " ind2=" "><subfield code="a">Wāhanga o te tau</subfield></datafield><datafield tag="550" ind1=" " ind2=" "><subfield code="w">g</subfield><subfield code="a">Taiao</subfield></datafield><datafield tag="550" ind1=" " ind2=" "><subfield code="w">h</subfield><subfield code="a">Huringa āhuarangi</subfield></datafield><datafield tag="550" ind1=" " ind2=" "><subfield code="w">h</subfield><subfield code="a">Te mahana haere o te ao</subfield></datafield><datafield tag="680" ind1=" " ind2=" "><subfield code="i">Whakamārama: Te āhuatanga o te rā mo ia wāhi.</subfield></datafield><datafield tag="680" ind1=" " ind2=" "><subfield code="i">Scope Note: The average pattern of weather for a particular region.</subfield></datafield></record>