<record><leader>00000nz  a2200000n  4500</leader><controlfield tag="001">3206</controlfield><controlfield tag="003">NzReo</controlfield><controlfield tag="008">101018 n anznnbab|          || ana      </controlfield><datafield tag="040" ind1=" " ind2=" "><subfield code="a">Nz</subfield><subfield code="c">Nz</subfield><subfield code="f">reo</subfield></datafield><datafield tag="150" ind1=" " ind2=" "><subfield code="a">Āhuatanga pāpori</subfield></datafield><datafield tag="450" ind1=" " ind2=" "><subfield code="a">Social conditions</subfield></datafield><datafield tag="550" ind1=" " ind2=" "><subfield code="a">Āhuatanga ōhanga</subfield></datafield><datafield tag="550" ind1=" " ind2=" "><subfield code="a">Hapori</subfield></datafield><datafield tag="550" ind1=" " ind2=" "><subfield code="a">Marau-ā-iwi</subfield></datafield><datafield tag="550" ind1=" " ind2=" "><subfield code="a">Mātauranga hapori</subfield></datafield><datafield tag="550" ind1=" " ind2=" "><subfield code="a">Rōpū Māori</subfield></datafield><datafield tag="550" ind1=" " ind2=" "><subfield code="a">Whakaaotanga</subfield></datafield><datafield tag="550" ind1=" " ind2=" "><subfield code="a">Whakapakari ā-iwi</subfield></datafield><datafield tag="550" ind1=" " ind2=" "><subfield code="w">g</subfield><subfield code="a">Tāngata</subfield></datafield><datafield tag="550" ind1=" " ind2=" "><subfield code="w">h</subfield><subfield code="a">Koremahi</subfield></datafield><datafield tag="550" ind1=" " ind2=" "><subfield code="w">h</subfield><subfield code="a">Mahi tūao</subfield></datafield><datafield tag="550" ind1=" " ind2=" "><subfield code="w">h</subfield><subfield code="a">Toko i te ora</subfield></datafield><datafield tag="550" ind1=" " ind2=" "><subfield code="w">h</subfield><subfield code="a">Tokomatua</subfield></datafield><datafield tag="550" ind1=" " ind2=" "><subfield code="w">h</subfield><subfield code="a">Tuakoka</subfield></datafield><datafield tag="680" ind1=" " ind2=" "><subfield code="i">Whakamārama: Ko ngā āhua e pā ana ki te oranga o te tangata, te noho tahi a te tangata ki ētahi atu, ki te hapori, ki te iwi whānui rānei.</subfield></datafield><datafield tag="680" ind1=" " ind2=" "><subfield code="i">Scope Note: Relates to the circumstances that affect the welfare of groups living together or enjoying life in communities or organised groups.</subfield></datafield></record>