<record><leader>00000nz  a2200000n  4500</leader><controlfield tag="001">3605</controlfield><controlfield tag="003">NzReo</controlfield><controlfield tag="008">110603 n anznnbab|          || ana      </controlfield><datafield tag="040" ind1=" " ind2=" "><subfield code="a">Nz</subfield><subfield code="c">Nz</subfield><subfield code="f">reo</subfield></datafield><datafield tag="150" ind1=" " ind2=" "><subfield code="a">Ahumahi</subfield></datafield><datafield tag="450" ind1=" " ind2=" "><subfield code="a">Industries</subfield></datafield><datafield tag="550" ind1=" " ind2=" "><subfield code="a">Hangarau</subfield></datafield><datafield tag="550" ind1=" " ind2=" "><subfield code="a">Rūnanga ā-iwi</subfield></datafield><datafield tag="550" ind1=" " ind2=" "><subfield code="a">Whakaputa pukapuka</subfield></datafield><datafield tag="550" ind1=" " ind2=" "><subfield code="a">Whiwhinga mahi</subfield></datafield><datafield tag="550" ind1=" " ind2=" "><subfield code="w">g</subfield><subfield code="a">Ohaoha</subfield></datafield><datafield tag="550" ind1=" " ind2=" "><subfield code="w">h</subfield><subfield code="a">Ahu whenua</subfield></datafield><datafield tag="550" ind1=" " ind2=" "><subfield code="w">h</subfield><subfield code="a">Ahumahi (Hī ika)</subfield></datafield><datafield tag="550" ind1=" " ind2=" "><subfield code="w">h</subfield><subfield code="a">Ahumahi ngahere</subfield></datafield><datafield tag="550" ind1=" " ind2=" "><subfield code="w">h</subfield><subfield code="a">Hua</subfield></datafield><datafield tag="550" ind1=" " ind2=" "><subfield code="w">h</subfield><subfield code="a">Huke</subfield></datafield><datafield tag="550" ind1=" " ind2=" "><subfield code="w">h</subfield><subfield code="a">Kaiārahi</subfield></datafield><datafield tag="550" ind1=" " ind2=" "><subfield code="w">h</subfield><subfield code="a">Tāpoi</subfield></datafield><datafield tag="680" ind1=" " ind2=" "><subfield code="i">Whakamārama: He kaupapa ōhanga e hurihia ai ngā rawa māori hei taonga hoko, e hora ai rānei he ratonga.</subfield></datafield><datafield tag="680" ind1=" " ind2=" "><subfield code="i">Scope Note: The organised action of making goods and services for sale.</subfield></datafield></record>