<record><leader>00000nz  a2200000n  4500</leader><controlfield tag="001">3823</controlfield><controlfield tag="003">NzReo</controlfield><controlfield tag="008">111215 n anznnbab|          || ana      </controlfield><datafield tag="040" ind1=" " ind2=" "><subfield code="a">Nz</subfield><subfield code="c">Nz</subfield><subfield code="f">reo</subfield></datafield><datafield tag="150" ind1=" " ind2=" "><subfield code="a">Ahumahi ngahere</subfield></datafield><datafield tag="450" ind1=" " ind2=" "><subfield code="a">Ngāherehere</subfield></datafield><datafield tag="450" ind1=" " ind2=" "><subfield code="a">Ono rākau</subfield></datafield><datafield tag="450" ind1=" " ind2=" "><subfield code="a">Turaki</subfield></datafield><datafield tag="450" ind1=" " ind2=" "><subfield code="a">Forestry</subfield></datafield><datafield tag="450" ind1=" " ind2=" "><subfield code="a">Logging</subfield></datafield><datafield tag="550" ind1=" " ind2=" "><subfield code="a">Tānemāhuta</subfield></datafield><datafield tag="550" ind1=" " ind2=" "><subfield code="a">Te Wao nui a Tāne</subfield></datafield><datafield tag="550" ind1=" " ind2=" "><subfield code="w">g</subfield><subfield code="a">Ahumahi</subfield></datafield></record>