<record><leader>00000nz  a2200000n  4500</leader><controlfield tag="001">2127</controlfield><controlfield tag="003">NzReo</controlfield><controlfield tag="008">060529 n anznnbab|          || ana      </controlfield><datafield tag="040" ind1=" " ind2=" "><subfield code="a">Nz</subfield><subfield code="c">Nz</subfield><subfield code="f">reo</subfield></datafield><datafield tag="150" ind1=" " ind2=" "><subfield code="a">Aituā</subfield></datafield><datafield tag="450" ind1=" " ind2=" "><subfield code="a">Accidents</subfield></datafield><datafield tag="450" ind1=" " ind2=" "><subfield code="a">Bad omens</subfield></datafield><datafield tag="450" ind1=" " ind2=" "><subfield code="a">Misfortune</subfield></datafield><datafield tag="450" ind1=" " ind2=" "><subfield code="a">Omens, Bad</subfield></datafield><datafield tag="550" ind1=" " ind2=" "><subfield code="a">Matenga</subfield></datafield><datafield tag="550" ind1=" " ind2=" "><subfield code="a">Tūmatauenga</subfield></datafield><datafield tag="550" ind1=" " ind2=" "><subfield code="w">g</subfield><subfield code="a">Tikanga tuku iho</subfield></datafield><datafield tag="550" ind1=" " ind2=" "><subfield code="w">h</subfield><subfield code="a">Aituā (Taiao)</subfield></datafield><datafield tag="680" ind1=" " ind2=" "><subfield code="i">Whakamārama: He āhuatanga kua hīpokina ai ki runga i ngā mahi kikino katoa, arā, ngā mate tūrorotanga, wharanga me ētahi atu mate pērā. Ahakoa e hāngai tonu ana te āhua o te kupu ki te matenga o tētahi mea, ka taea te pā atu ki ngā mate wharanga. Ko te nuinga o ngā wharanga, mate rānei, ahakoa kāore anō te tangata kia mate rawa atu, e kiia nei he aituā. Ka kōkiri wairua ki te tihi o mauri aituā.</subfield></datafield><datafield tag="680" ind1=" " ind2=" "><subfield code="i">Scope Note: A broad concept used nowardays to refer to death, disease, misfortune, and accidents. Although it is associated with death, it can also apply to injuries caused by accidents. In most cases, aituā relates to all kinds of misfortunes whether or not direct personal injury is involved.</subfield></datafield></record>