<record><leader>00000nz  a2200000n  4500</leader><controlfield tag="001">3840</controlfield><controlfield tag="003">NzReo</controlfield><controlfield tag="008">111215 n anznnbab|          || ana      </controlfield><datafield tag="040" ind1=" " ind2=" "><subfield code="a">Nz</subfield><subfield code="c">Nz</subfield><subfield code="f">reo</subfield></datafield><datafield tag="150" ind1=" " ind2=" "><subfield code="a">Aituā (Taiao)</subfield></datafield><datafield tag="450" ind1=" " ind2=" "><subfield code="a">Disasters, Environmental</subfield></datafield><datafield tag="450" ind1=" " ind2=" "><subfield code="a">Disasters, Natural</subfield></datafield><datafield tag="450" ind1=" " ind2=" "><subfield code="a">Environmental disasters</subfield></datafield><datafield tag="450" ind1=" " ind2=" "><subfield code="a">Natural disasters</subfield></datafield><datafield tag="550" ind1=" " ind2=" "><subfield code="a">Hinenuitepō</subfield></datafield><datafield tag="550" ind1=" " ind2=" "><subfield code="w">g</subfield><subfield code="a">Aituā</subfield></datafield><datafield tag="550" ind1=" " ind2=" "><subfield code="w">g</subfield><subfield code="a">Taiao</subfield></datafield><datafield tag="550" ind1=" " ind2=" "><subfield code="w">h</subfield><subfield code="a">Haumātakataka</subfield></datafield><datafield tag="550" ind1=" " ind2=" "><subfield code="w">h</subfield><subfield code="a">Pahūtanga</subfield></datafield><datafield tag="550" ind1=" " ind2=" "><subfield code="w">h</subfield><subfield code="a">Rū whenua</subfield></datafield><datafield tag="550" ind1=" " ind2=" "><subfield code="w">h</subfield><subfield code="a">Waipuke</subfield></datafield><datafield tag="680" ind1=" " ind2=" "><subfield code="i">Whakamārama: Ko te aituā he ahuatanga kino rawa atu ka ohorere te pā, e matemate ai te tangata, e kino katoa ai te whenua, te aha atu rānei.</subfield></datafield><datafield tag="680" ind1=" " ind2=" "><subfield code="i">Scope Note: A general term covering all natural disasters including earthquakes, floods, volcanic eruptions, etc. Can also be applied to environmental disasters.</subfield></datafield></record>