<record><leader>00000nz  a2200000n  4500</leader><controlfield tag="001">1569</controlfield><controlfield tag="003">NzReo</controlfield><controlfield tag="008">060524 n anznnbab|          || ana      </controlfield><datafield tag="040" ind1=" " ind2=" "><subfield code="a">Nz</subfield><subfield code="c">Nz</subfield><subfield code="f">reo</subfield></datafield><datafield tag="150" ind1=" " ind2=" "><subfield code="a">Aka kiore</subfield></datafield><datafield tag="450" ind1=" " ind2=" "><subfield code="a">Kaihua</subfield></datafield><datafield tag="450" ind1=" " ind2=" "><subfield code="a">Poapoa tautaua</subfield></datafield><datafield tag="450" ind1=" " ind2=" "><subfield code="a">Taiwhiwhi</subfield></datafield><datafield tag="450" ind1=" " ind2=" "><subfield code="a">Jasmines, New Zealand</subfield></datafield><datafield tag="450" ind1=" " ind2=" "><subfield code="a">New Zealand jasmines</subfield></datafield><datafield tag="550" ind1=" " ind2=" "><subfield code="w">g</subfield><subfield code="a">Aka</subfield></datafield><datafield tag="680" ind1=" " ind2=" "><subfield code="i">Whakamārama: He aka māroharoha, he kakara, he ririki, he mā ngā pua. Ko ngā hua he roroa, he whāiti. Ko ngā rau, he taupe.</subfield></datafield><datafield tag="680" ind1=" " ind2=" "><subfield code="i">Scope Note: A scrambling woody vine with small white fragrant flowers and a long narrow seed capsule. The shape of the leaves is variable. Parsonsia heterophylla.</subfield></datafield></record>