<record><leader>00000nz  a2200000n  4500</leader><controlfield tag="001">1568</controlfield><controlfield tag="003">NzReo</controlfield><controlfield tag="008">060524 n anznnbab|          || ana      </controlfield><datafield tag="040" ind1=" " ind2=" "><subfield code="a">Nz</subfield><subfield code="c">Nz</subfield><subfield code="f">reo</subfield></datafield><datafield tag="150" ind1=" " ind2=" "><subfield code="a">Aka kura</subfield></datafield><datafield tag="550" ind1=" " ind2=" "><subfield code="w">g</subfield><subfield code="a">Aka</subfield></datafield><datafield tag="680" ind1=" " ind2=" "><subfield code="i">Whakamārama: He momo rātā, he toro whakarunga te tupu. He mōhinuhinu ngā rau, he whero kita ngā pua.</subfield></datafield><datafield tag="680" ind1=" " ind2=" "><subfield code="i">Scope Note: A slender climbing rātā with shining leaves and bright scarlet flowers. Metrosideros scandens.</subfield></datafield></record>