<record><leader>00000nz  a2200000n  4500</leader><controlfield tag="001">1567</controlfield><controlfield tag="003">NzReo</controlfield><controlfield tag="008">060524 n anznnbab|          || ana      </controlfield><datafield tag="040" ind1=" " ind2=" "><subfield code="a">Nz</subfield><subfield code="c">Nz</subfield><subfield code="f">reo</subfield></datafield><datafield tag="150" ind1=" " ind2=" "><subfield code="a">Aka torotoro</subfield></datafield><datafield tag="550" ind1=" " ind2=" "><subfield code="w">g</subfield><subfield code="a">Aka</subfield></datafield><datafield tag="680" ind1=" " ind2=" "><subfield code="i">Whakamārama: He momo rātā, he ririki, he mā ngā pua. He ririki anō ngā rau. Ka toro ngā tātā i te tīwai o te rākau.</subfield></datafield><datafield tag="680" ind1=" " ind2=" "><subfield code="i">Scope Note: A small leaved climbing rātā with small white flowers. Metrosideros perforata.</subfield></datafield></record>