<record><leader>00000nz  a2200000n  4500</leader><controlfield tag="001">1573</controlfield><controlfield tag="003">NzReo</controlfield><controlfield tag="008">060524 n anznnbab|          || ana      </controlfield><datafield tag="040" ind1=" " ind2=" "><subfield code="a">Nz</subfield><subfield code="c">Nz</subfield><subfield code="f">reo</subfield></datafield><datafield tag="150" ind1=" " ind2=" "><subfield code="a">Akakōpuka</subfield></datafield><datafield tag="450" ind1=" " ind2=" "><subfield code="a">Broadleaves, Shining</subfield></datafield><datafield tag="450" ind1=" " ind2=" "><subfield code="a">Shining broadleaves</subfield></datafield><datafield tag="550" ind1=" " ind2=" "><subfield code="w">g</subfield><subfield code="a">Aka</subfield></datafield><datafield tag="550" ind1=" " ind2=" "><subfield code="w">g</subfield><subfield code="a">Rākau whakauru</subfield></datafield><datafield tag="680" ind1=" " ind2=" "><subfield code="i">Whakamārama: He momo rākau, he whānui ngā rau. He aka te tīmatanga o te nuinga. He mea ka tupu kē mai i runga i tētahi atu rākau.</subfield></datafield><datafield tag="680" ind1=" " ind2=" "><subfield code="i">Scope Note: A broadleaved tree that often starts to grow as a vine on another tree. Griselinia lucida.</subfield></datafield></record>