<record><leader>00000nz  a2200000n  4500</leader><controlfield tag="001">1574</controlfield><controlfield tag="003">NzReo</controlfield><controlfield tag="008">060524 n anznnbab|          || ana      </controlfield><datafield tag="040" ind1=" " ind2=" "><subfield code="a">Nz</subfield><subfield code="c">Nz</subfield><subfield code="f">reo</subfield></datafield><datafield tag="150" ind1=" " ind2=" "><subfield code="a">Akatea</subfield></datafield><datafield tag="450" ind1=" " ind2=" "><subfield code="a">White rata</subfield></datafield><datafield tag="550" ind1=" " ind2=" "><subfield code="w">g</subfield><subfield code="a">Aka</subfield></datafield><datafield tag="680" ind1=" " ind2=" "><subfield code="i">Whakamārama: He momo rātā, he mā, he rarahi ngā pua. He rite ki te aka kura. He tino mōhinuhinu ngā rau.</subfield></datafield><datafield tag="680" ind1=" " ind2=" "><subfield code="i">Scope Note: A climbing woody rātā with glossy leaves and large white flowers. Metrosideros albiflora.</subfield></datafield></record>