<record><leader>00000nz  a2200000n  4500</leader><controlfield tag="001">2032</controlfield><controlfield tag="003">NzReo</controlfield><controlfield tag="008">060524 n anznnbab|          || ana      </controlfield><datafield tag="040" ind1=" " ind2=" "><subfield code="a">Nz</subfield><subfield code="c">Nz</subfield><subfield code="f">reo</subfield></datafield><datafield tag="150" ind1=" " ind2=" "><subfield code="a">Akeake</subfield></datafield><datafield tag="450" ind1=" " ind2=" "><subfield code="a">Ake rautangi</subfield></datafield><datafield tag="550" ind1=" " ind2=" "><subfield code="w">g</subfield><subfield code="a">Rākau whakauru</subfield></datafield><datafield tag="680" ind1=" " ind2=" "><subfield code="i">Whakamārama: He momo rākau, parapara noa te kiri. He hāpiapia ngā rārā hou, he whāiti ngā rau.</subfield></datafield><datafield tag="680" ind1=" " ind2=" "><subfield code="i">Scope Note: A tree with flaky bark and sticky young branchlets with narrow leaves. Dodonea viscosa.</subfield></datafield></record>