<record><leader>00000nz  a2200000n  4500</leader><controlfield tag="001">1055</controlfield><controlfield tag="003">NzReo</controlfield><controlfield tag="008">050831 n anznnbab|          || ana      </controlfield><datafield tag="040" ind1=" " ind2=" "><subfield code="a">Nz</subfield><subfield code="c">Nz</subfield><subfield code="f">reo</subfield></datafield><datafield tag="150" ind1=" " ind2=" "><subfield code="a">Ako</subfield></datafield><datafield tag="450" ind1=" " ind2=" "><subfield code="a">Learning</subfield></datafield><datafield tag="550" ind1=" " ind2=" "><subfield code="a">Hapū</subfield></datafield><datafield tag="550" ind1=" " ind2=" "><subfield code="a">Karahipi</subfield></datafield><datafield tag="550" ind1=" " ind2=" "><subfield code="a">Kōhanga reo</subfield></datafield><datafield tag="550" ind1=" " ind2=" "><subfield code="a">Kura kaupapa Māori</subfield></datafield><datafield tag="550" ind1=" " ind2=" "><subfield code="a">Kura pūhou</subfield></datafield><datafield tag="550" ind1=" " ind2=" "><subfield code="a">Kura tuarua</subfield></datafield><datafield tag="550" ind1=" " ind2=" "><subfield code="a">Kura tuatahi</subfield></datafield><datafield tag="550" ind1=" " ind2=" "><subfield code="a">Marae</subfield></datafield><datafield tag="550" ind1=" " ind2=" "><subfield code="a">Tohunga</subfield></datafield><datafield tag="550" ind1=" " ind2=" "><subfield code="a">Whānau</subfield></datafield><datafield tag="550" ind1=" " ind2=" "><subfield code="a">Whare wānanga</subfield></datafield><datafield tag="550" ind1=" " ind2=" "><subfield code="a">Wharekura</subfield></datafield><datafield tag="550" ind1=" " ind2=" "><subfield code="w">g</subfield><subfield code="a">Mōhiotanga</subfield></datafield><datafield tag="550" ind1=" " ind2=" "><subfield code="w">h</subfield><subfield code="a">Ako-ā-matihiko</subfield></datafield><datafield tag="550" ind1=" " ind2=" "><subfield code="w">h</subfield><subfield code="a">Ako-ā-rorohiko</subfield></datafield><datafield tag="550" ind1=" " ind2=" "><subfield code="w">h</subfield><subfield code="a">Akonga</subfield></datafield><datafield tag="550" ind1=" " ind2=" "><subfield code="w">h</subfield><subfield code="a">Ariā whakaako</subfield></datafield><datafield tag="550" ind1=" " ind2=" "><subfield code="w">h</subfield><subfield code="a">Aromatawai ā-paerewa</subfield></datafield><datafield tag="550" ind1=" " ind2=" "><subfield code="w">h</subfield><subfield code="a">Kaiako</subfield></datafield><datafield tag="550" ind1=" " ind2=" "><subfield code="w">h</subfield><subfield code="a">Matareo</subfield></datafield><datafield tag="550" ind1=" " ind2=" "><subfield code="w">h</subfield><subfield code="a">Ngohe</subfield></datafield><datafield tag="550" ind1=" " ind2=" "><subfield code="w">h</subfield><subfield code="a">Tauira</subfield></datafield><datafield tag="680" ind1=" " ind2=" "><subfield code="i">Whakamārama: He mea whakamātau tēnei.</subfield></datafield><datafield tag="680" ind1=" " ind2=" "><subfield code="i">Scope Note: To learn.</subfield></datafield></record>