<record><leader>00000nz  a2200000n  4500</leader><controlfield tag="001">401</controlfield><controlfield tag="003">NzReo</controlfield><controlfield tag="008">050506 n anznnbab|          || ana      </controlfield><datafield tag="040" ind1=" " ind2=" "><subfield code="a">Nz</subfield><subfield code="c">Nz</subfield><subfield code="f">reo</subfield></datafield><datafield tag="150" ind1=" " ind2=" "><subfield code="a">Ama</subfield></datafield><datafield tag="550" ind1=" " ind2=" "><subfield code="a">Waka ama</subfield></datafield><datafield tag="550" ind1=" " ind2=" "><subfield code="w">g</subfield><subfield code="a">Waka</subfield></datafield><datafield tag="680" ind1=" " ind2=" "><subfield code="i">Whakamārama: He rākau māmā rawa hei kōrewa. Whakamaua ai ki tētahi taha o te waka, kia rite ai te rere, kia kore hoki e tahuri.</subfield></datafield><datafield tag="680" ind1=" " ind2=" "><subfield code="i">Scope Note: An outrigger float for a waka/canoe.</subfield></datafield></record>