<record><leader>00000nz  a2200000n  4500</leader><controlfield tag="001">3687</controlfield><controlfield tag="003">NzReo</controlfield><controlfield tag="008">110607 n anznnbab|          || ana      </controlfield><datafield tag="040" ind1=" " ind2=" "><subfield code="a">Nz</subfield><subfield code="c">Nz</subfield><subfield code="f">reo</subfield></datafield><datafield tag="150" ind1=" " ind2=" "><subfield code="a">Anga</subfield></datafield><datafield tag="450" ind1=" " ind2=" "><subfield code="a">Frameworks, Theoretical</subfield></datafield><datafield tag="450" ind1=" " ind2=" "><subfield code="a">Theoretical frameworks</subfield></datafield><datafield tag="550" ind1=" " ind2=" "><subfield code="a">Mātauranga</subfield></datafield><datafield tag="550" ind1=" " ind2=" "><subfield code="a">Waihanga</subfield></datafield><datafield tag="550" ind1=" " ind2=" "><subfield code="a">Wānanga</subfield></datafield><datafield tag="550" ind1=" " ind2=" "><subfield code="w">g</subfield><subfield code="a">Māramatanga</subfield></datafield><datafield tag="550" ind1=" " ind2=" "><subfield code="w">g</subfield><subfield code="a">Rangahau Māori</subfield></datafield><datafield tag="680" ind1=" " ind2=" "><subfield code="i">Whakamārama: He anga hei whakaatu i tētahi kaupapa whakaaro.</subfield></datafield><datafield tag="680" ind1=" " ind2=" "><subfield code="i">Scope Note: Basic Māori conceptual structures organised around a theory.</subfield></datafield></record>