<record><leader>00000nz  a2200000n  4500</leader><controlfield tag="001">1781</controlfield><controlfield tag="003">NzReo</controlfield><controlfield tag="008">060524 n anznnbab|          || ana      </controlfield><datafield tag="040" ind1=" " ind2=" "><subfield code="a">Nz</subfield><subfield code="c">Nz</subfield><subfield code="f">reo</subfield></datafield><datafield tag="150" ind1=" " ind2=" "><subfield code="a">Angiangi</subfield></datafield><datafield tag="450" ind1=" " ind2=" "><subfield code="a">Lichens, Old man's beard</subfield></datafield><datafield tag="450" ind1=" " ind2=" "><subfield code="a">Old man's beard lichens</subfield></datafield><datafield tag="550" ind1=" " ind2=" "><subfield code="w">g</subfield><subfield code="a">Pūkohu</subfield></datafield><datafield tag="680" ind1=" " ind2=" "><subfield code="i">Whakamārama: He momo pūkohu, he kāhikitea te āhua. Kei ngā peka rākau, kei ngā mauwha e tārewa ana.</subfield></datafield><datafield tag="680" ind1=" " ind2=" "><subfield code="i">Scope Note: A greenish white beard-like lichen found hanging from branches of trees and shrubs. Usnea spp.</subfield></datafield></record>