<record><leader>00000nz  a2200000n  4500</leader><controlfield tag="001">967</controlfield><controlfield tag="003">NzReo</controlfield><controlfield tag="008">050831 n anznnbab|          || ana      </controlfield><datafield tag="040" ind1=" " ind2=" "><subfield code="a">Nz</subfield><subfield code="c">Nz</subfield><subfield code="f">reo</subfield></datafield><datafield tag="150" ind1=" " ind2=" "><subfield code="a">Āniwaniwa</subfield></datafield><datafield tag="450" ind1=" " ind2=" "><subfield code="a">Āheahea</subfield></datafield><datafield tag="450" ind1=" " ind2=" "><subfield code="a">Atua piko</subfield></datafield><datafield tag="450" ind1=" " ind2=" "><subfield code="a">Atua tapiko</subfield></datafield><datafield tag="450" ind1=" " ind2=" "><subfield code="a">Kōpere</subfield></datafield><datafield tag="450" ind1=" " ind2=" "><subfield code="a">Rainbows</subfield></datafield><datafield tag="550" ind1=" " ind2=" "><subfield code="a">Ngā tae</subfield></datafield><datafield tag="550" ind1=" " ind2=" "><subfield code="a">Ua</subfield></datafield><datafield tag="550" ind1=" " ind2=" "><subfield code="a">Uenuku</subfield></datafield><datafield tag="550" ind1=" " ind2=" "><subfield code="w">g</subfield><subfield code="a">Āhua-o-te-rangi</subfield></datafield></record>