<record><leader>00000nz  a2200000n  4500</leader><controlfield tag="001">3344</controlfield><controlfield tag="003">NzReo</controlfield><controlfield tag="008">101221 n anznnbab|          || ana      </controlfield><datafield tag="040" ind1=" " ind2=" "><subfield code="a">Nz</subfield><subfield code="c">Nz</subfield><subfield code="f">reo</subfield></datafield><datafield tag="150" ind1=" " ind2=" "><subfield code="a">Ao pāpāho</subfield></datafield><datafield tag="450" ind1=" " ind2=" "><subfield code="a">Perehi</subfield></datafield><datafield tag="450" ind1=" " ind2=" "><subfield code="a">News media</subfield></datafield><datafield tag="450" ind1=" " ind2=" "><subfield code="a">Press (Media)</subfield></datafield><datafield tag="550" ind1=" " ind2=" "><subfield code="w">g</subfield><subfield code="a">Pāpāho</subfield></datafield><datafield tag="550" ind1=" " ind2=" "><subfield code="w">h</subfield><subfield code="a">Pānuitanga whakatairanga</subfield></datafield><datafield tag="550" ind1=" " ind2=" "><subfield code="w">h</subfield><subfield code="a">Pūrongorongo</subfield></datafield><datafield tag="680" ind1=" " ind2=" "><subfield code="i">Whakamārama: Ko ngā momo whakawhitiwhiti kōrero ka pānui atu ki te iwi whānui.</subfield></datafield><datafield tag="680" ind1=" " ind2=" "><subfield code="i">Scope Note: Collective term for various forms of communicating news to the public; the news media and press. See also: Pāpāho/Mass media.</subfield></datafield></record>