<record><leader>00000nz  a2200000n  4500</leader><controlfield tag="001">732</controlfield><controlfield tag="003">NzReo</controlfield><controlfield tag="008">050825 n anznnbab|          || ana      </controlfield><datafield tag="040" ind1=" " ind2=" "><subfield code="a">Nz</subfield><subfield code="c">Nz</subfield><subfield code="f">reo</subfield></datafield><datafield tag="150" ind1=" " ind2=" "><subfield code="a">Apakura</subfield></datafield><datafield tag="450" ind1=" " ind2=" "><subfield code="a">Dirges (Laments)</subfield></datafield><datafield tag="450" ind1=" " ind2=" "><subfield code="a">Laments (Dirges)</subfield></datafield><datafield tag="550" ind1=" " ind2=" "><subfield code="a">Waiata tangi</subfield></datafield><datafield tag="550" ind1=" " ind2=" "><subfield code="w">g</subfield><subfield code="a">Mōteatea</subfield></datafield><datafield tag="680" ind1=" " ind2=" "><subfield code="i">Whakamārama: He waiata tangi mokemoke, hotuhotu hoki ki te tūpāpaku.</subfield></datafield><datafield tag="680" ind1=" " ind2=" "><subfield code="i">Scope Note: Songs of ultimate grief addressed directly to the corpse. See also: Waiata tangi (Requiems (Laments)).</subfield></datafield></record>