<record><leader>00000nz  a2200000n  4500</leader><controlfield tag="001">4513</controlfield><controlfield tag="003">NzReo</controlfield><controlfield tag="008">150424 n anznnbab|          || ana      </controlfield><datafield tag="040" ind1=" " ind2=" "><subfield code="a">Nz</subfield><subfield code="c">Nz</subfield><subfield code="f">reo</subfield></datafield><datafield tag="150" ind1=" " ind2=" "><subfield code="a">Aratohu mā te pouako</subfield></datafield><datafield tag="450" ind1=" " ind2=" "><subfield code="a">Aratohu mā te kaiako</subfield></datafield><datafield tag="450" ind1=" " ind2=" "><subfield code="a">Guides, Teachers'</subfield></datafield><datafield tag="450" ind1=" " ind2=" "><subfield code="a">Resources, Teachers'</subfield></datafield><datafield tag="450" ind1=" " ind2=" "><subfield code="a">Teachers' guides</subfield></datafield><datafield tag="450" ind1=" " ind2=" "><subfield code="a">Teachers' resources</subfield></datafield><datafield tag="550" ind1=" " ind2=" "><subfield code="w">g</subfield><subfield code="a">Kaiako</subfield></datafield><datafield tag="550" ind1=" " ind2=" "><subfield code="w">g</subfield><subfield code="a">Taputapu</subfield></datafield><datafield tag="680" ind1=" " ind2=" "><subfield code="i">Whakamārama: He mea ako pērā i te pukapuka ka whakamahia hei āwhina i te kaiako.</subfield></datafield><datafield tag="680" ind1=" " ind2=" "><subfield code="i">Scope Note: Can be used for examples of teachers' resources or for works about teachers' resources.</subfield></datafield></record>