<record><leader>00000nz  a2200000n  4500</leader><controlfield tag="001">2686</controlfield><controlfield tag="003">NzReo</controlfield><controlfield tag="008">060607 n anznnbab|          || ana      </controlfield><datafield tag="040" ind1=" " ind2=" "><subfield code="a">Nz</subfield><subfield code="c">Nz</subfield><subfield code="f">reo</subfield></datafield><datafield tag="150" ind1=" " ind2=" "><subfield code="a">Arokehe</subfield></datafield><datafield tag="450" ind1=" " ind2=" "><subfield code="a">Eels, Longfinned</subfield></datafield><datafield tag="450" ind1=" " ind2=" "><subfield code="a">Longfinned eels</subfield></datafield><datafield tag="550" ind1=" " ind2=" "><subfield code="w">g</subfield><subfield code="a">Tuna</subfield></datafield><datafield tag="680" ind1=" " ind2=" "><subfield code="i">Whakamārama: He tuna nui, waimāori, he roa ake te popoia o te tuarā i tō te puku.</subfield></datafield><datafield tag="680" ind1=" " ind2=" "><subfield code="i">Scope Note: A large freshwater eel. The fin extends much further forward on the back than on the belly. Anguilla dieffenbachii.</subfield></datafield></record>