<record><leader>00000nz  a2200000n  4500</leader><controlfield tag="001">4155</controlfield><controlfield tag="003">NzReo</controlfield><controlfield tag="008">130110 n anznnbab|          || ana      </controlfield><datafield tag="040" ind1=" " ind2=" "><subfield code="a">Nz</subfield><subfield code="c">Nz</subfield><subfield code="f">reo</subfield></datafield><datafield tag="150" ind1=" " ind2=" "><subfield code="a">Aromatawai ā-paerewa</subfield></datafield><datafield tag="450" ind1=" " ind2=" "><subfield code="a">Assessment, Standards-based</subfield></datafield><datafield tag="450" ind1=" " ind2=" "><subfield code="a">Standards-based assessment</subfield></datafield><datafield tag="550" ind1=" " ind2=" "><subfield code="w">g</subfield><subfield code="a">Ako</subfield></datafield><datafield tag="680" ind1=" " ind2=" "><subfield code="i">Whakamārama: Ētahi aromatawai o Te Tāhuhu o te Mātauranga.</subfield></datafield><datafield tag="680" ind1=" " ind2=" "><subfield code="i">Scope Note: Ministry of Education standard-based assessment, including National standards.</subfield></datafield></record>