<record><leader>00000nz  a2200000n  4500</leader><controlfield tag="001">2779</controlfield><controlfield tag="003">NzReo</controlfield><controlfield tag="008">090814 n anznnbab|          || ana      </controlfield><datafield tag="040" ind1=" " ind2=" "><subfield code="a">Nz</subfield><subfield code="c">Nz</subfield><subfield code="f">reo</subfield></datafield><datafield tag="150" ind1=" " ind2=" "><subfield code="a">Aronganui</subfield></datafield><datafield tag="450" ind1=" " ind2=" "><subfield code="a">Kare ā-roto</subfield></datafield><datafield tag="450" ind1=" " ind2=" "><subfield code="a">Emotions</subfield></datafield><datafield tag="450" ind1=" " ind2=" "><subfield code="a">Feelings</subfield></datafield><datafield tag="550" ind1=" " ind2=" "><subfield code="a">Mauri</subfield></datafield><datafield tag="550" ind1=" " ind2=" "><subfield code="w">g</subfield><subfield code="a">Ira</subfield></datafield><datafield tag="550" ind1=" " ind2=" "><subfield code="w">g</subfield><subfield code="a">Ora</subfield></datafield><datafield tag="550" ind1=" " ind2=" "><subfield code="w">h</subfield><subfield code="a">Koa</subfield></datafield><datafield tag="550" ind1=" " ind2=" "><subfield code="w">h</subfield><subfield code="a">Mānatunatu</subfield></datafield><datafield tag="550" ind1=" " ind2=" "><subfield code="w">h</subfield><subfield code="a">Pōuri</subfield></datafield><datafield tag="550" ind1=" " ind2=" "><subfield code="w">h</subfield><subfield code="a">Pūkatokato</subfield></datafield><datafield tag="550" ind1=" " ind2=" "><subfield code="w">h</subfield><subfield code="a">Wehi</subfield></datafield><datafield tag="680" ind1=" " ind2=" "><subfield code="i">Whakamārama: He aronganui ēnei, te hari, te pouri, te wehi, te mauāhara, te aroha.</subfield></datafield><datafield tag="680" ind1=" " ind2=" "><subfield code="i">Scope Note: Covers all kinds of emotions, e.g. joy, love, fear, hate, etc.</subfield></datafield></record>