<record><leader>00000nz  a2200000n  4500</leader><controlfield tag="001">1093</controlfield><controlfield tag="003">NzReo</controlfield><controlfield tag="008">050831 n anznnbab|          || ana      </controlfield><datafield tag="040" ind1=" " ind2=" "><subfield code="a">Nz</subfield><subfield code="c">Nz</subfield><subfield code="f">reo</subfield></datafield><datafield tag="150" ind1=" " ind2=" "><subfield code="a">Atawhai</subfield></datafield><datafield tag="550" ind1=" " ind2=" "><subfield code="a">Hauora whānau</subfield></datafield><datafield tag="550" ind1=" " ind2=" "><subfield code="a">Manaaki tangata</subfield></datafield><datafield tag="550" ind1=" " ind2=" "><subfield code="a">Whāngai</subfield></datafield><datafield tag="550" ind1=" " ind2=" "><subfield code="w">g</subfield><subfield code="a">Whanaungatanga</subfield></datafield><datafield tag="680" ind1=" " ind2=" "><subfield code="i">Whakamārama: I whangaia ai a tētahi i hunga tipu i tōna atawhai.</subfield></datafield><datafield tag="680" ind1=" " ind2=" "><subfield code="i">Scope Note: To nurture and foster, to take responsibility, to care for someone else.</subfield></datafield></record>