<record><leader>00000nz  a2200000n  4500</leader><controlfield tag="001">826</controlfield><controlfield tag="003">NzReo</controlfield><controlfield tag="008">050831 n anznnbab|          || ana      </controlfield><datafield tag="040" ind1=" " ind2=" "><subfield code="a">Nz</subfield><subfield code="c">Nz</subfield><subfield code="f">reo</subfield></datafield><datafield tag="150" ind1=" " ind2=" "><subfield code="a">Ātea</subfield></datafield><datafield tag="450" ind1=" " ind2=" "><subfield code="a">Ao nui mārama</subfield></datafield><datafield tag="450" ind1=" " ind2=" "><subfield code="a">Ao takiwā</subfield></datafield><datafield tag="450" ind1=" " ind2=" "><subfield code="a">Ao tukupū</subfield></datafield><datafield tag="450" ind1=" " ind2=" "><subfield code="a">Outer space</subfield></datafield><datafield tag="450" ind1=" " ind2=" "><subfield code="a">Space, Outer</subfield></datafield><datafield tag="550" ind1=" " ind2=" "><subfield code="a">Pōkai ātea</subfield></datafield><datafield tag="550" ind1=" " ind2=" "><subfield code="a">Waka ātea</subfield></datafield><datafield tag="550" ind1=" " ind2=" "><subfield code="w">g</subfield><subfield code="a">Taiao</subfield></datafield><datafield tag="550" ind1=" " ind2=" "><subfield code="w">h</subfield><subfield code="a">Āraitanga</subfield></datafield><datafield tag="550" ind1=" " ind2=" "><subfield code="w">h</subfield><subfield code="a">Whānau mārama</subfield></datafield><datafield tag="680" ind1=" " ind2=" "><subfield code="i">Whakamārama: Ngā rangituhāhā.</subfield></datafield><datafield tag="680" ind1=" " ind2=" "><subfield code="i">Scope Note: Regions beyond the atmosphere of the earth.</subfield></datafield></record>