<record><leader>00000nz  a2200000n  4500</leader><controlfield tag="001">2654</controlfield><controlfield tag="003">NzReo</controlfield><controlfield tag="008">060607 n anznnbab|          || ana      </controlfield><datafield tag="040" ind1=" " ind2=" "><subfield code="a">Nz</subfield><subfield code="c">Nz</subfield><subfield code="f">reo</subfield></datafield><datafield tag="150" ind1=" " ind2=" "><subfield code="a">Aua</subfield></datafield><datafield tag="450" ind1=" " ind2=" "><subfield code="a">Kātaha</subfield></datafield><datafield tag="450" ind1=" " ind2=" "><subfield code="a">Mullets, Yellowed-eyed</subfield></datafield><datafield tag="450" ind1=" " ind2=" "><subfield code="a">Yellowed-eyed mullets</subfield></datafield><datafield tag="550" ind1=" " ind2=" "><subfield code="w">g</subfield><subfield code="a">Ika o ngā ngutu awa</subfield></datafield><datafield tag="680" ind1=" " ind2=" "><subfield code="i">Whakamārama: He ika ririki haere rāngai ai, he rite ki te kanae engari he kōwhai ōna karu. He kākonu te tinana he ōrangiuri te tuarā.</subfield></datafield><datafield tag="680" ind1=" " ind2=" "><subfield code="i">Scope Note: A small shoaling fish like the kanae/grey mullet but with a yellow eye. It is silvery with a dark blue tinge on the back. Aldrichetta forsteri.</subfield></datafield></record>