<record><leader>00000nz  a2200000n  4500</leader><controlfield tag="001">906</controlfield><controlfield tag="003">NzReo</controlfield><controlfield tag="008">050831 n anznnbab|          || ana      </controlfield><datafield tag="040" ind1=" " ind2=" "><subfield code="a">Nz</subfield><subfield code="c">Nz</subfield><subfield code="f">reo</subfield></datafield><datafield tag="150" ind1=" " ind2=" "><subfield code="a">Auahi-turoa</subfield></datafield><datafield tag="450" ind1=" " ind2=" "><subfield code="a">Auahi-roa</subfield></datafield><datafield tag="450" ind1=" " ind2=" "><subfield code="a">Comets</subfield></datafield><datafield tag="550" ind1=" " ind2=" "><subfield code="a">Matakōkiri</subfield></datafield><datafield tag="550" ind1=" " ind2=" "><subfield code="w">g</subfield><subfield code="a">Whānau mārama</subfield></datafield><datafield tag="680" ind1=" " ind2=" "><subfield code="i">Whakamārama: He momo whetū, engari ka rere tonu ki te ao.</subfield></datafield><datafield tag="680" ind1=" " ind2=" "><subfield code="i">Scope Note: A type of star that travels through the universe.</subfield></datafield></record>