<record><leader>00000nz  a2200000n  4500</leader><controlfield tag="001">4148</controlfield><controlfield tag="003">NzReo</controlfield><controlfield tag="008">130110 n anznnbab|          || ana      </controlfield><datafield tag="040" ind1=" " ind2=" "><subfield code="a">Nz</subfield><subfield code="c">Nz</subfield><subfield code="f">reo</subfield></datafield><datafield tag="150" ind1=" " ind2=" "><subfield code="a">Aukati (Tōrangapū)</subfield></datafield><datafield tag="450" ind1=" " ind2=" "><subfield code="a">Prohibition of alcohol</subfield></datafield><datafield tag="550" ind1=" " ind2=" "><subfield code="a">Kīngitanga</subfield></datafield><datafield tag="550" ind1=" " ind2=" "><subfield code="w">g</subfield><subfield code="a">Tōrangapū</subfield></datafield><datafield tag="680" ind1=" " ind2=" "><subfield code="i">Whakamārama: Te aukati o te waipiro me ētahi atu mea i roto i te Rohe Pōtae.</subfield></datafield><datafield tag="680" ind1=" " ind2=" "><subfield code="i">Scope Note: The prohibition of alcohol and other influences in the King Country.</subfield></datafield></record>