<record><leader>00000nz  a2200000n  4500</leader><controlfield tag="001">876</controlfield><controlfield tag="003">NzReo</controlfield><controlfield tag="008">050831 n anznnbab|          || ana      </controlfield><datafield tag="040" ind1=" " ind2=" "><subfield code="a">Nz</subfield><subfield code="c">Nz</subfield><subfield code="f">reo</subfield></datafield><datafield tag="150" ind1=" " ind2=" "><subfield code="a">Autahi</subfield></datafield><datafield tag="450" ind1=" " ind2=" "><subfield code="a">Aotahi</subfield></datafield><datafield tag="450" ind1=" " ind2=" "><subfield code="a">Atutahi</subfield></datafield><datafield tag="450" ind1=" " ind2=" "><subfield code="a">Canopus</subfield></datafield><datafield tag="550" ind1=" " ind2=" "><subfield code="w">g</subfield><subfield code="a">Whetū</subfield></datafield></record>