<record><leader>00000nz  a2200000n  4500</leader><controlfield tag="001">1689</controlfield><controlfield tag="003">NzReo</controlfield><controlfield tag="008">060524 n anznnbab|          || ana      </controlfield><datafield tag="040" ind1=" " ind2=" "><subfield code="a">Nz</subfield><subfield code="c">Nz</subfield><subfield code="f">reo</subfield></datafield><datafield tag="150" ind1=" " ind2=" "><subfield code="a">Aute</subfield></datafield><datafield tag="450" ind1=" " ind2=" "><subfield code="a">Mulberries, Paper</subfield></datafield><datafield tag="450" ind1=" " ind2=" "><subfield code="a">Paper mulberries</subfield></datafield><datafield tag="450" ind1=" " ind2=" "><subfield code="a">Tapa plants</subfield></datafield><datafield tag="550" ind1=" " ind2=" "><subfield code="a">Manu aute</subfield></datafield><datafield tag="550" ind1=" " ind2=" "><subfield code="w">g</subfield><subfield code="a">Otaota</subfield></datafield><datafield tag="680" ind1=" " ind2=" "><subfield code="i">Whakamārama: He rākau i heria mai e ngā Māori, engari kāore i ū ki te whenua nei. Wehea ai te iho o te kiri, ka patupatua kia ngāwari hei maro.</subfield></datafield><datafield tag="680" ind1=" " ind2=" "><subfield code="i">Scope Note: This plant was formerly used to produce a type of tapa cloth in North Auckland. Brought to Aotearoa by Māori it died out in the early 19th century.</subfield></datafield></record>