<record><leader>00000nz  a2200000n  4500</leader><controlfield tag="001">1628</controlfield><controlfield tag="003">NzReo</controlfield><controlfield tag="008">060524 n anznnbab|          || ana      </controlfield><datafield tag="040" ind1=" " ind2=" "><subfield code="a">Nz</subfield><subfield code="c">Nz</subfield><subfield code="f">reo</subfield></datafield><datafield tag="150" ind1=" " ind2=" "><subfield code="a">Aute tāranga</subfield></datafield><datafield tag="450" ind1=" " ind2=" "><subfield code="a">Autu tauranga</subfield></datafield><datafield tag="450" ind1=" " ind2=" "><subfield code="a">Toroheke</subfield></datafield><datafield tag="450" ind1=" " ind2=" "><subfield code="a">Sand pimelia</subfield></datafield><datafield tag="550" ind1=" " ind2=" "><subfield code="w">g</subfield><subfield code="a">Mauwha</subfield></datafield><datafield tag="680" ind1=" " ind2=" "><subfield code="i">Whakamārama: He mauwha, kei ngā taipū e tupu ana. He rite ngā rau ki o te nehenehe, he mea kua kapi i te huruhuru. He mā he kura kita rānei ngā hua. He rite te tapeha ki tō te aute.</subfield></datafield><datafield tag="680" ind1=" " ind2=" "><subfield code="i">Scope Note: A coastal shrub from the bark of which a type of aute or tapa cloth was made in former times.</subfield></datafield></record>