<record><leader>00000nz  a2200000n  4500</leader><controlfield tag="001">2539</controlfield><controlfield tag="003">NzReo</controlfield><controlfield tag="008">060531 n anznnbab|          || ana      </controlfield><datafield tag="040" ind1=" " ind2=" "><subfield code="a">Nz</subfield><subfield code="c">Nz</subfield><subfield code="f">reo</subfield></datafield><datafield tag="150" ind1=" " ind2=" "><subfield code="a">Awa</subfield></datafield><datafield tag="450" ind1=" " ind2=" "><subfield code="a">Rivers</subfield></datafield><datafield tag="550" ind1=" " ind2=" "><subfield code="a">Awa kōpaka</subfield></datafield><datafield tag="550" ind1=" " ind2=" "><subfield code="a">Hāereere awa</subfield></datafield><datafield tag="550" ind1=" " ind2=" "><subfield code="a">Manga</subfield></datafield><datafield tag="550" ind1=" " ind2=" "><subfield code="a">Mātāpuna</subfield></datafield><datafield tag="550" ind1=" " ind2=" "><subfield code="a">Taunahanahatanga</subfield></datafield><datafield tag="550" ind1=" " ind2=" "><subfield code="w">g</subfield><subfield code="a">Wai</subfield></datafield><datafield tag="550" ind1=" " ind2=" "><subfield code="w">h</subfield><subfield code="a">Mahinga kai o te wai</subfield></datafield><datafield tag="550" ind1=" " ind2=" "><subfield code="w">h</subfield><subfield code="a">Wahapū</subfield></datafield><datafield tag="680" ind1=" " ind2=" "><subfield code="i">Whakamārama: Ko te rerenga o ngā wai o te whenua mai i ngā maunga ki te moana.</subfield></datafield><datafield tag="680" ind1=" " ind2=" "><subfield code="i">Scope Note: Rivers, including those of economic significance to Māori.</subfield></datafield></record>