<record><leader>00000nz  a2200000n  4500</leader><controlfield tag="001">3888</controlfield><controlfield tag="003">NzReo</controlfield><controlfield tag="008">111215 n anznnbab|          || ana      </controlfield><datafield tag="040" ind1=" " ind2=" "><subfield code="a">Nz</subfield><subfield code="c">Nz</subfield><subfield code="f">reo</subfield></datafield><datafield tag="150" ind1=" " ind2=" "><subfield code="a">Awa kōpaka</subfield></datafield><datafield tag="450" ind1=" " ind2=" "><subfield code="a">Glaciers</subfield></datafield><datafield tag="450" ind1=" " ind2=" "><subfield code="a">Puna hauaitu</subfield></datafield><datafield tag="550" ind1=" " ind2=" "><subfield code="a">Āhua-o-te-rangi</subfield></datafield><datafield tag="550" ind1=" " ind2=" "><subfield code="a">Awa</subfield></datafield><datafield tag="550" ind1=" " ind2=" "><subfield code="a">Hukapapa</subfield></datafield><datafield tag="550" ind1=" " ind2=" "><subfield code="a">Hukarere</subfield></datafield><datafield tag="550" ind1=" " ind2=" "><subfield code="a">Wai</subfield></datafield><datafield tag="550" ind1=" " ind2=" "><subfield code="w">g</subfield><subfield code="a">Puna waimāori</subfield></datafield><datafield tag="680" ind1=" " ind2=" "><subfield code="i">Whakamārama: He putunga tio ka takea mai i runga ake i te wāhi tau ai te hukapapa i te kehokeho maunga, he pōturi te heke whakararo.</subfield></datafield><datafield tag="680" ind1=" " ind2=" "><subfield code="i">Scope Note: Masses of ice which originates from above the snowline on the top of the mountain, which moves slowly downhill.</subfield></datafield></record>