<record><leader>00000nz  a2200000n  4500</leader><controlfield tag="001">4046</controlfield><controlfield tag="003">NzReo</controlfield><controlfield tag="008">120503 n anznnbab|          || ana      </controlfield><datafield tag="040" ind1=" " ind2=" "><subfield code="a">Nz</subfield><subfield code="c">Nz</subfield><subfield code="f">reo</subfield></datafield><datafield tag="150" ind1=" " ind2=" "><subfield code="a">Āwhina ture</subfield></datafield><datafield tag="450" ind1=" " ind2=" "><subfield code="a">Āwhina ā-ture</subfield></datafield><datafield tag="450" ind1=" " ind2=" "><subfield code="a">Āwhina pūtea rōia</subfield></datafield><datafield tag="450" ind1=" " ind2=" "><subfield code="a">Legal aid</subfield></datafield><datafield tag="550" ind1=" " ind2=" "><subfield code="w">g</subfield><subfield code="a">Ture</subfield></datafield><datafield tag="680" ind1=" " ind2=" "><subfield code="i">Whakamārama: He pūtea tautoko hei utu i ngā ūtunga ā-kōti, mā te hunga e kore e āhei te utu i te roia. Ka āhei hoki te hunga whakapae ki te haere ki mua i te aroaro o ngā momo kōti katoa, tae rā anō ki Te Rōpū Whakamana i te Tiriti o Waitangi.</subfield></datafield><datafield tag="680" ind1=" " ind2=" "><subfield code="i">Scope Note: Government funding to pay for legal help for people who cannot afford a lawyer. It is available for people facing criminal charges, and those with a civil legal problem or family dispute (including family matters) that may go to court, as well as for Waitangi Tribunal claims.</subfield></datafield></record>