<record><leader>00000nz  a2200000n  4500</leader><controlfield tag="001">4458</controlfield><controlfield tag="003">NzReo</controlfield><controlfield tag="008">150108 n anznnbab|          || ana      </controlfield><datafield tag="040" ind1=" " ind2=" "><subfield code="a">Nz</subfield><subfield code="c">Nz</subfield><subfield code="f">reo</subfield></datafield><datafield tag="150" ind1=" " ind2=" "><subfield code="a">Hāereere awa</subfield></datafield><datafield tag="450" ind1=" " ind2=" "><subfield code="a">Tira hoe</subfield></datafield><datafield tag="450" ind1=" " ind2=" "><subfield code="a">Wai kukuti manawa</subfield></datafield><datafield tag="450" ind1=" " ind2=" "><subfield code="a">Activities, River</subfield></datafield><datafield tag="450" ind1=" " ind2=" "><subfield code="a">Adventures, River</subfield></datafield><datafield tag="450" ind1=" " ind2=" "><subfield code="a">Rafting</subfield></datafield><datafield tag="450" ind1=" " ind2=" "><subfield code="a">Rafting, White water</subfield></datafield><datafield tag="450" ind1=" " ind2=" "><subfield code="a">River activities</subfield></datafield><datafield tag="450" ind1=" " ind2=" "><subfield code="a">River adventures</subfield></datafield><datafield tag="450" ind1=" " ind2=" "><subfield code="a">White water rafting</subfield></datafield><datafield tag="550" ind1=" " ind2=" "><subfield code="a">Awa</subfield></datafield><datafield tag="550" ind1=" " ind2=" "><subfield code="a">Waka</subfield></datafield><datafield tag="550" ind1=" " ind2=" "><subfield code="a">Waka ama</subfield></datafield><datafield tag="550" ind1=" " ind2=" "><subfield code="w">g</subfield><subfield code="a">Tākaro</subfield></datafield><datafield tag="550" ind1=" " ind2=" "><subfield code="w">g</subfield><subfield code="a">Wai</subfield></datafield></record>