<record><leader>00000nz  a2200000n  4500</leader><controlfield tag="001">3811</controlfield><controlfield tag="003">NzReo</controlfield><controlfield tag="008">111215 n anznnbab|          || ana      </controlfield><datafield tag="040" ind1=" " ind2=" "><subfield code="a">Nz</subfield><subfield code="c">Nz</subfield><subfield code="f">reo</subfield></datafield><datafield tag="150" ind1=" " ind2=" "><subfield code="a">Haerenga</subfield></datafield><datafield tag="450" ind1=" " ind2=" "><subfield code="a">Hurihaere</subfield></datafield><datafield tag="450" ind1=" " ind2=" "><subfield code="a">Ngā haere</subfield></datafield><datafield tag="450" ind1=" " ind2=" "><subfield code="a">Takahaere</subfield></datafield><datafield tag="450" ind1=" " ind2=" "><subfield code="a">Journeys</subfield></datafield><datafield tag="450" ind1=" " ind2=" "><subfield code="a">Travelling</subfield></datafield><datafield tag="550" ind1=" " ind2=" "><subfield code="a">Waka</subfield></datafield><datafield tag="550" ind1=" " ind2=" "><subfield code="w">g</subfield><subfield code="a">Tāngata</subfield></datafield><datafield tag="550" ind1=" " ind2=" "><subfield code="w">h</subfield><subfield code="a">Eke hōiho</subfield></datafield><datafield tag="550" ind1=" " ind2=" "><subfield code="w">h</subfield><subfield code="a">Tūhura</subfield></datafield><datafield tag="680" ind1=" " ind2=" "><subfield code="i">Whakamārama: Ko te haerenga he haere mā raro, mā runga rānei i tētahi momo waka ki tētahi wāhi.</subfield></datafield><datafield tag="680" ind1=" " ind2=" "><subfield code="i">Scope Note: Use for works about travelling by any means.</subfield></datafield></record>