<record><leader>00000nz  a2200000n  4500</leader><controlfield tag="001">281</controlfield><controlfield tag="003">NzReo</controlfield><controlfield tag="008">060608 n anznnbab|          || ana      </controlfield><datafield tag="040" ind1=" " ind2=" "><subfield code="a">Nz</subfield><subfield code="c">Nz</subfield><subfield code="f">reo</subfield></datafield><datafield tag="150" ind1=" " ind2=" "><subfield code="a">Hāhi Karaitiana</subfield></datafield><datafield tag="450" ind1=" " ind2=" "><subfield code="a">Whakapono Karaitiana</subfield></datafield><datafield tag="450" ind1=" " ind2=" "><subfield code="a">Christian faith</subfield></datafield><datafield tag="450" ind1=" " ind2=" "><subfield code="a">Christian religion</subfield></datafield><datafield tag="450" ind1=" " ind2=" "><subfield code="a">Christianity</subfield></datafield><datafield tag="450" ind1=" " ind2=" "><subfield code="a">Faith, Christian</subfield></datafield><datafield tag="450" ind1=" " ind2=" "><subfield code="a">Religion, Christian</subfield></datafield><datafield tag="550" ind1=" " ind2=" "><subfield code="w">g</subfield><subfield code="a">Whakapono</subfield></datafield><datafield tag="550" ind1=" " ind2=" "><subfield code="w">h</subfield><subfield code="a">Kirihimete</subfield></datafield><datafield tag="550" ind1=" " ind2=" "><subfield code="w">h</subfield><subfield code="a">Mīhana</subfield></datafield><datafield tag="680" ind1=" " ind2=" "><subfield code="i">Whakamārama: Ko ngā momo hahi na karaiti te amorangi.</subfield></datafield><datafield tag="680" ind1=" " ind2=" "><subfield code="i">Scope Note: The many branches of the Christian faith based on the teachings of Jesus Christ.</subfield></datafield></record>