<record><leader>00000nz  a2200000n  4500</leader><controlfield tag="001">3067</controlfield><controlfield tag="003">NzReo</controlfield><controlfield tag="008">100720 n anznnbab|          || ana      </controlfield><datafield tag="040" ind1=" " ind2=" "><subfield code="a">Nz</subfield><subfield code="c">Nz</subfield><subfield code="f">reo</subfield></datafield><datafield tag="150" ind1=" " ind2=" "><subfield code="a">Hāhi Māori</subfield></datafield><datafield tag="450" ind1=" " ind2=" "><subfield code="a">Māori religions</subfield></datafield><datafield tag="450" ind1=" " ind2=" "><subfield code="a">Religions, Māori</subfield></datafield><datafield tag="550" ind1=" " ind2=" "><subfield code="w">g</subfield><subfield code="a">Whakapono</subfield></datafield><datafield tag="550" ind1=" " ind2=" "><subfield code="w">h</subfield><subfield code="a">Pai Mārire</subfield></datafield><datafield tag="550" ind1=" " ind2=" "><subfield code="w">h</subfield><subfield code="a">Pao mīere</subfield></datafield><datafield tag="550" ind1=" " ind2=" "><subfield code="w">h</subfield><subfield code="a">Poropiti</subfield></datafield><datafield tag="550" ind1=" " ind2=" "><subfield code="w">h</subfield><subfield code="a">Rātana</subfield></datafield><datafield tag="550" ind1=" " ind2=" "><subfield code="w">h</subfield><subfield code="a">Ringatū</subfield></datafield><datafield tag="680" ind1=" " ind2=" "><subfield code="i">Whakamārama: Ko ngā hāhi a te Māori i whakatūria i muri i te taenga mai o ngā mihingare.</subfield></datafield><datafield tag="680" ind1=" " ind2=" "><subfield code="i">Scope Note: All post-colonial Māori religions.</subfield></datafield></record>