<record><leader>00000nz  a2200000n  4500</leader><controlfield tag="001">2149</controlfield><controlfield tag="003">NzReo</controlfield><controlfield tag="008">060529 n anznnbab|          || ana      </controlfield><datafield tag="040" ind1=" " ind2=" "><subfield code="a">Nz</subfield><subfield code="c">Nz</subfield><subfield code="f">reo</subfield></datafield><datafield tag="150" ind1=" " ind2=" "><subfield code="a">Hahunga</subfield></datafield><datafield tag="450" ind1=" " ind2=" "><subfield code="a">Ceremonies, Exhumation</subfield></datafield><datafield tag="550" ind1=" " ind2=" "><subfield code="w">g</subfield><subfield code="a">Tikanga</subfield></datafield><datafield tag="680" ind1=" " ind2=" "><subfield code="i">Whakamārama: He keringa ake i ngā kōiwi tūpāpaku, ka wakuwakua, ka pania ki te kura, kātahi ka kawea ki te toma.</subfield></datafield><datafield tag="680" ind1=" " ind2=" "><subfield code="i">Scope Note: A ceremony in which the bones of the dead are exhumed. In former times they were scraped, purified and painted before going to an ossuary.</subfield></datafield></record>