<record><leader>00000nz  a2200000n  4500</leader><controlfield tag="001">738</controlfield><controlfield tag="003">NzReo</controlfield><controlfield tag="008">050825 n anznnbab|          || ana      </controlfield><datafield tag="040" ind1=" " ind2=" "><subfield code="a">Nz</subfield><subfield code="c">Nz</subfield><subfield code="f">reo</subfield></datafield><datafield tag="150" ind1=" " ind2=" "><subfield code="a">Haka</subfield></datafield><datafield tag="450" ind1=" " ind2=" "><subfield code="a">Posture dances</subfield></datafield><datafield tag="550" ind1=" " ind2=" "><subfield code="a">Kaioraora</subfield></datafield><datafield tag="550" ind1=" " ind2=" "><subfield code="a">Kapa haka</subfield></datafield><datafield tag="550" ind1=" " ind2=" "><subfield code="a">Ngeri</subfield></datafield><datafield tag="550" ind1=" " ind2=" "><subfield code="a">Tāne-Rore</subfield></datafield><datafield tag="550" ind1=" " ind2=" "><subfield code="a">Waiata koroua</subfield></datafield><datafield tag="550" ind1=" " ind2=" "><subfield code="w">g</subfield><subfield code="a">Mahi ā Rēhia</subfield></datafield><datafield tag="550" ind1=" " ind2=" "><subfield code="w">h</subfield><subfield code="a">Haka pōwhiri</subfield></datafield><datafield tag="550" ind1=" " ind2=" "><subfield code="w">h</subfield><subfield code="a">Haka taparahi</subfield></datafield><datafield tag="550" ind1=" " ind2=" "><subfield code="w">h</subfield><subfield code="a">Manawawera</subfield></datafield><datafield tag="550" ind1=" " ind2=" "><subfield code="w">h</subfield><subfield code="a">Peruperu (Haka)</subfield></datafield><datafield tag="680" ind1=" " ind2=" "><subfield code="i">Scope Note: A fierce and fiery dance.</subfield></datafield></record>