<record><leader>00000nz  a2200000n  4500</leader><controlfield tag="001">762</controlfield><controlfield tag="003">NzReo</controlfield><controlfield tag="008">050825 n anznnbab|          || ana      </controlfield><datafield tag="040" ind1=" " ind2=" "><subfield code="a">Nz</subfield><subfield code="c">Nz</subfield><subfield code="f">reo</subfield></datafield><datafield tag="150" ind1=" " ind2=" "><subfield code="a">Haka pōwhiri</subfield></datafield><datafield tag="550" ind1=" " ind2=" "><subfield code="a">Pōwhiri</subfield></datafield><datafield tag="550" ind1=" " ind2=" "><subfield code="w">g</subfield><subfield code="a">Haka</subfield></datafield><datafield tag="680" ind1=" " ind2=" "><subfield code="i">Whakamārama: He haka tēnei ki te pōwhiri te manuhiri ki runga i te marae. E mau ana ngā kaihaka i ngā rau.</subfield></datafield><datafield tag="680" ind1=" " ind2=" "><subfield code="i">Scope Note: This haka is performed to welcome visitors onto the marae. The performers use leaves during the performance.</subfield></datafield></record>