<record><leader>00000nz  a2200000n  4500</leader><controlfield tag="001">358</controlfield><controlfield tag="003">NzReo</controlfield><controlfield tag="008">050506 n anznnbab|          || ana      </controlfield><datafield tag="040" ind1=" " ind2=" "><subfield code="a">Nz</subfield><subfield code="c">Nz</subfield><subfield code="f">reo</subfield></datafield><datafield tag="150" ind1=" " ind2=" "><subfield code="a">Hākari</subfield></datafield><datafield tag="450" ind1=" " ind2=" "><subfield code="a">Feasts</subfield></datafield><datafield tag="550" ind1=" " ind2=" "><subfield code="a">Kai</subfield></datafield><datafield tag="550" ind1=" " ind2=" "><subfield code="w">g</subfield><subfield code="a">Pōwhiri</subfield></datafield><datafield tag="550" ind1=" " ind2=" "><subfield code="w">g</subfield><subfield code="a">Whakatau</subfield></datafield><datafield tag="680" ind1=" " ind2=" "><subfield code="i">Whakamārama: Te kai nui hei te mutunga o te pūtake o te kaupapa a te wā.</subfield></datafield><datafield tag="680" ind1=" " ind2=" "><subfield code="i">Scope Note: A formal celebration or feast.</subfield></datafield></record>