<record><leader>00000nz  a2200000n  4500</leader><controlfield tag="001">3884</controlfield><controlfield tag="003">NzReo</controlfield><controlfield tag="008">111215 n anznnbab|          || ana      </controlfield><datafield tag="040" ind1=" " ind2=" "><subfield code="a">Nz</subfield><subfield code="c">Nz</subfield><subfield code="f">reo</subfield></datafield><datafield tag="150" ind1=" " ind2=" "><subfield code="a">Haki</subfield></datafield><datafield tag="450" ind1=" " ind2=" "><subfield code="a">Kara</subfield></datafield><datafield tag="450" ind1=" " ind2=" "><subfield code="a">Flags</subfield></datafield><datafield tag="450" ind1=" " ind2=" "><subfield code="a">Taarewa</subfield></datafield><datafield tag="550" ind1=" " ind2=" "><subfield code="w">g</subfield><subfield code="a">Tuakiri</subfield></datafield><datafield tag="680" ind1=" " ind2=" "><subfield code="i">Whakamārama: He papanga kua tāia ki ōna anō tohu hei waitohu i te whenua, i te iwi, i te aha atu. Ko te nuinga ka hūtia ake ki te pou.</subfield></datafield></record>