<record><leader>00000nz  a2200000n  4500</leader><controlfield tag="001">1393</controlfield><controlfield tag="003">NzReo</controlfield><controlfield tag="008">060511 n anznnbab|          || ana      </controlfield><datafield tag="040" ind1=" " ind2=" "><subfield code="a">Nz</subfield><subfield code="c">Nz</subfield><subfield code="f">reo</subfield></datafield><datafield tag="150" ind1=" " ind2=" "><subfield code="a">Hākoakoa</subfield></datafield><datafield tag="450" ind1=" " ind2=" "><subfield code="a">Skuas, Southern</subfield></datafield><datafield tag="450" ind1=" " ind2=" "><subfield code="a">Southern skuas</subfield></datafield><datafield tag="550" ind1=" " ind2=" "><subfield code="w">g</subfield><subfield code="a">Manu moana</subfield></datafield><datafield tag="680" ind1=" " ind2=" "><subfield code="i">Whakamārama: He manu moana parauri, he rite ki te karoro.</subfield></datafield><datafield tag="680" ind1=" " ind2=" "><subfield code="i">Scope Note: A dark brown seabird resembling a large gull. Catharacta skua lonnbergi.</subfield></datafield></record>