<record><leader>00000nz  a2200000n  4500</leader><controlfield tag="001">2669</controlfield><controlfield tag="003">NzReo</controlfield><controlfield tag="008">060607 n anznnbab|          || ana      </controlfield><datafield tag="040" ind1=" " ind2=" "><subfield code="a">Nz</subfield><subfield code="c">Nz</subfield><subfield code="f">reo</subfield></datafield><datafield tag="150" ind1=" " ind2=" "><subfield code="a">Haku</subfield></datafield><datafield tag="450" ind1=" " ind2=" "><subfield code="a">Kingfishes</subfield></datafield><datafield tag="450" ind1=" " ind2=" "><subfield code="a">Yellowtails</subfield></datafield><datafield tag="550" ind1=" " ind2=" "><subfield code="w">g</subfield><subfield code="a">Ika waitai</subfield></datafield><datafield tag="680" ind1=" " ind2=" "><subfield code="i">Whakamārama: He ika porotaka, tere ki te kau. Heke matatuhi ai. He ōrangi kākonu te tinana, he kōwhai ngā pakihau.</subfield></datafield><datafield tag="680" ind1=" " ind2=" "><subfield code="i">Scope Note: A fast swimming round bodied shoaling fish with a silvery blue body and prominent yellow fins. Seriola lalandi.</subfield></datafield></record>