<record><leader>00000nz  a2200000n  4500</leader><controlfield tag="001">2744</controlfield><controlfield tag="003">NzReo</controlfield><controlfield tag="008">060607 n anznnbab|          || ana      </controlfield><datafield tag="040" ind1=" " ind2=" "><subfield code="a">Nz</subfield><subfield code="c">Nz</subfield><subfield code="f">reo</subfield></datafield><datafield tag="150" ind1=" " ind2=" "><subfield code="a">Hangarau kai</subfield></datafield><datafield tag="450" ind1=" " ind2=" "><subfield code="a">Food technology</subfield></datafield><datafield tag="450" ind1=" " ind2=" "><subfield code="a">Technology, Food</subfield></datafield><datafield tag="550" ind1=" " ind2=" "><subfield code="a">Tunu kai</subfield></datafield><datafield tag="550" ind1=" " ind2=" "><subfield code="w">g</subfield><subfield code="a">Hangarau</subfield></datafield><datafield tag="550" ind1=" " ind2=" "><subfield code="w">g</subfield><subfield code="a">Kai</subfield></datafield><datafield tag="680" ind1=" " ind2=" "><subfield code="i">Whakamārama: Ko te tikanga o te mahinga kai.</subfield></datafield><datafield tag="680" ind1=" " ind2=" "><subfield code="i">Scope Note: Food technology. See also Tunu kai, Cooking methods.</subfield></datafield></record>