<record><leader>00000nz  a2200000n  4500</leader><controlfield tag="001">3201</controlfield><controlfield tag="003">NzReo</controlfield><controlfield tag="008">101018 n anznnbab|          || ana      </controlfield><datafield tag="040" ind1=" " ind2=" "><subfield code="a">Nz</subfield><subfield code="c">Nz</subfield><subfield code="f">reo</subfield></datafield><datafield tag="150" ind1=" " ind2=" "><subfield code="a">Hangarau mōhiohio</subfield></datafield><datafield tag="450" ind1=" " ind2=" "><subfield code="a">Hangarau whakaaturanga</subfield></datafield><datafield tag="450" ind1=" " ind2=" "><subfield code="a">Information Technology</subfield></datafield><datafield tag="550" ind1=" " ind2=" "><subfield code="a">Kōpae hikohiko</subfield></datafield><datafield tag="550" ind1=" " ind2=" "><subfield code="a">Rorohiko</subfield></datafield><datafield tag="550" ind1=" " ind2=" "><subfield code="w">g</subfield><subfield code="a">Hangarau</subfield></datafield><datafield tag="550" ind1=" " ind2=" "><subfield code="w">h</subfield><subfield code="a">Ipurangi</subfield></datafield><datafield tag="550" ind1=" " ind2=" "><subfield code="w">h</subfield><subfield code="a">Pūmanawa tautono</subfield></datafield><datafield tag="680" ind1=" " ind2=" "><subfield code="i">Whakamārama: Ko ngā momo hangarau katoa i whakamahia ai te tuku, te tāpui, te whakawhitiwhiti whakaaro i ngā pārongo ā-patopato, ā-whakaahua, ā-oro, ā-rongorau hoki.</subfield></datafield><datafield tag="680" ind1=" " ind2=" "><subfield code="i">Scope Note: All forms of technology used for the retrieval, storage and transmission of information in all its various forms (text, images, sound, multimedia files).</subfield></datafield></record>