<record><leader>00000nz  a2200000n  4500</leader><controlfield tag="001">1629</controlfield><controlfield tag="003">NzReo</controlfield><controlfield tag="008">060524 n anznnbab|          || ana      </controlfield><datafield tag="040" ind1=" " ind2=" "><subfield code="a">Nz</subfield><subfield code="c">Nz</subfield><subfield code="f">reo</subfield></datafield><datafield tag="150" ind1=" " ind2=" "><subfield code="a">Hangehange</subfield></datafield><datafield tag="450" ind1=" " ind2=" "><subfield code="a">Pāpahenga</subfield></datafield><datafield tag="450" ind1=" " ind2=" "><subfield code="a">Whangewhange</subfield></datafield><datafield tag="550" ind1=" " ind2=" "><subfield code="w">g</subfield><subfield code="a">Mauwha</subfield></datafield><datafield tag="680" ind1=" " ind2=" "><subfield code="i">Whakamārama: He mauwha nō te ngahere. Ko ngā rau he kārikitea, he mōhinuhinu, he tauaro te tupu.</subfield></datafield><datafield tag="680" ind1=" " ind2=" "><subfield code="i">Scope Note: A shrub of shady forests with light green glossy opposite leaves. Geniostoma rupestre var. ligustrifolium.</subfield></datafield></record>