<record><leader>00000nz  a2200000n  4500</leader><controlfield tag="001">105</controlfield><controlfield tag="003">NzReo</controlfield><controlfield tag="008">060529 n anznnbab|          || ana      </controlfield><datafield tag="040" ind1=" " ind2=" "><subfield code="a">Nz</subfield><subfield code="c">Nz</subfield><subfield code="f">reo</subfield></datafield><datafield tag="150" ind1=" " ind2=" "><subfield code="a">Hāngī</subfield></datafield><datafield tag="450" ind1=" " ind2=" "><subfield code="a">Cooking (Earth ovens)</subfield></datafield><datafield tag="450" ind1=" " ind2=" "><subfield code="a">Earth oven cooking</subfield></datafield><datafield tag="450" ind1=" " ind2=" "><subfield code="a">Earth ovens</subfield></datafield><datafield tag="550" ind1=" " ind2=" "><subfield code="w">g</subfield><subfield code="a">Tunu kai</subfield></datafield><datafield tag="680" ind1=" " ind2=" "><subfield code="i">Whakamārama: Ko ngā kai tunua i te papa.</subfield></datafield><datafield tag="680" ind1=" " ind2=" "><subfield code="i">Scope Note: Traditionally, food cooked in an earth oven.</subfield></datafield></record>