<record><leader>00000nz  a2200000n  4500</leader><controlfield tag="001">1062</controlfield><controlfield tag="003">NzReo</controlfield><controlfield tag="008">050831 n anznnbab|          || ana      </controlfield><datafield tag="040" ind1=" " ind2=" "><subfield code="a">Nz</subfield><subfield code="c">Nz</subfield><subfield code="f">reo</subfield></datafield><datafield tag="150" ind1=" " ind2=" "><subfield code="a">Hapū</subfield></datafield><datafield tag="450" ind1=" " ind2=" "><subfield code="a">Clans</subfield></datafield><datafield tag="550" ind1=" " ind2=" "><subfield code="a">Ahi kā</subfield></datafield><datafield tag="550" ind1=" " ind2=" "><subfield code="a">Ako</subfield></datafield><datafield tag="550" ind1=" " ind2=" "><subfield code="a">Hapori whānau</subfield></datafield><datafield tag="550" ind1=" " ind2=" "><subfield code="a">Hapū (Wāhine)</subfield></datafield><datafield tag="550" ind1=" " ind2=" "><subfield code="a">Ingoa</subfield></datafield><datafield tag="550" ind1=" " ind2=" "><subfield code="a">Tāngata whenua</subfield></datafield><datafield tag="550" ind1=" " ind2=" "><subfield code="w">g</subfield><subfield code="a">Iwi</subfield></datafield><datafield tag="550" ind1=" " ind2=" "><subfield code="w">h</subfield><subfield code="a">Whānau</subfield></datafield><datafield tag="680" ind1=" " ind2=" "><subfield code="i">Whakamārama: He momo rōpū kua whatu mai i te miro o ngā whānau maha, o ngā kawai rangatira e noho ana hei hapū i whakatū i runga i te kaupapa kia ora ai āna uri me ngā whakatupuranga hoki e heke mai ana.</subfield></datafield><datafield tag="680" ind1=" " ind2=" "><subfield code="i">Scope Note: Hapū are groups of inter-related whānau joined together by a streamline of whakapapa and distinguished rangatira, and formed under a kaupapa of survival.</subfield></datafield></record>