<record><leader>00000nz  a2200000n  4500</leader><controlfield tag="001">2647</controlfield><controlfield tag="003">NzReo</controlfield><controlfield tag="008">060607 n anznnbab|          || ana      </controlfield><datafield tag="040" ind1=" " ind2=" "><subfield code="a">Nz</subfield><subfield code="c">Nz</subfield><subfield code="f">reo</subfield></datafield><datafield tag="150" ind1=" " ind2=" "><subfield code="a">Hāpuku</subfield></datafield><datafield tag="450" ind1=" " ind2=" "><subfield code="a">Whāpuku</subfield></datafield><datafield tag="450" ind1=" " ind2=" "><subfield code="a">Gropers</subfield></datafield><datafield tag="550" ind1=" " ind2=" "><subfield code="w">g</subfield><subfield code="a">Ika moana hōhonu</subfield></datafield><datafield tag="680" ind1=" " ind2=" "><subfield code="i">Whakamārama: He ika nui, he ika taumaha kei waho i te moana. Hiia ai i ngā toka hāpuku.</subfield></datafield><datafield tag="680" ind1=" " ind2=" "><subfield code="i">Scope Note: A very large and heavy fish with a big head and mouth, caught around submerged rocks in deep water. Polyprion oxygeneios.</subfield></datafield></record>