<record><leader>00000nz  a2200000n  4500</leader><controlfield tag="001">1099</controlfield><controlfield tag="003">NzReo</controlfield><controlfield tag="008">050831 n anznnbab|          || ana      </controlfield><datafield tag="040" ind1=" " ind2=" "><subfield code="a">Nz</subfield><subfield code="c">Nz</subfield><subfield code="f">reo</subfield></datafield><datafield tag="150" ind1=" " ind2=" "><subfield code="a">Hara</subfield></datafield><datafield tag="450" ind1=" " ind2=" "><subfield code="a">Hapa</subfield></datafield><datafield tag="450" ind1=" " ind2=" "><subfield code="a">Taihara</subfield></datafield><datafield tag="450" ind1=" " ind2=" "><subfield code="a">Whaki</subfield></datafield><datafield tag="450" ind1=" " ind2=" "><subfield code="a">Crimes</subfield></datafield><datafield tag="450" ind1=" " ind2=" "><subfield code="a">Offences</subfield></datafield><datafield tag="550" ind1=" " ind2=" "><subfield code="a">Mahi whakaauraki</subfield></datafield><datafield tag="550" ind1=" " ind2=" "><subfield code="a">Mātauranga haratūtanga</subfield></datafield><datafield tag="550" ind1=" " ind2=" "><subfield code="a">Mauhere</subfield></datafield><datafield tag="550" ind1=" " ind2=" "><subfield code="a">Muru</subfield></datafield><datafield tag="550" ind1=" " ind2=" "><subfield code="a">Pūnaha ture taihara</subfield></datafield><datafield tag="550" ind1=" " ind2=" "><subfield code="a">Tāngata</subfield></datafield><datafield tag="550" ind1=" " ind2=" "><subfield code="a">Whakatau mauri</subfield></datafield><datafield tag="550" ind1=" " ind2=" "><subfield code="a">Whare herehere</subfield></datafield><datafield tag="550" ind1=" " ind2=" "><subfield code="w">g</subfield><subfield code="a">Tikanga tuku iho</subfield></datafield><datafield tag="550" ind1=" " ind2=" "><subfield code="w">g</subfield><subfield code="a">Ture</subfield></datafield><datafield tag="550" ind1=" " ind2=" "><subfield code="w">h</subfield><subfield code="a">Kōhurutanga</subfield></datafield><datafield tag="550" ind1=" " ind2=" "><subfield code="w">h</subfield><subfield code="a">Pārurenga</subfield></datafield><datafield tag="550" ind1=" " ind2=" "><subfield code="w">h</subfield><subfield code="a">Taitōkai</subfield></datafield><datafield tag="680" ind1=" " ind2=" "><subfield code="i">Whakamārama: E rua ngā horopaki: Tuatahi, he hara hei takahi i te mana me te tapu o ngā tikanga Māori. Tuarua, he mahi whakahē, arā, he hara i whiua ai e te ture.</subfield></datafield><datafield tag="680" ind1=" " ind2=" "><subfield code="i">Scope Note: Traditional usage: a transgression or a violation of tapu that breaks Māori customary lore. Contemporary usage: any act or offence punishable by law.</subfield></datafield></record>