<record><leader>00000nz  a2200000n  4500</leader><controlfield tag="001">1793</controlfield><controlfield tag="003">NzReo</controlfield><controlfield tag="008">060524 n anznnbab|          || ana      </controlfield><datafield tag="040" ind1=" " ind2=" "><subfield code="a">Nz</subfield><subfield code="c">Nz</subfield><subfield code="f">reo</subfield></datafield><datafield tag="150" ind1=" " ind2=" "><subfield code="a">Harakeke</subfield></datafield><datafield tag="450" ind1=" " ind2=" "><subfield code="a">Flaxes, New Zealand</subfield></datafield><datafield tag="450" ind1=" " ind2=" "><subfield code="a">New Zealand flaxes</subfield></datafield><datafield tag="550" ind1=" " ind2=" "><subfield code="a">Aukaha</subfield></datafield><datafield tag="550" ind1=" " ind2=" "><subfield code="a">Toetoe</subfield></datafield><datafield tag="550" ind1=" " ind2=" "><subfield code="w">g</subfield><subfield code="a">Whara</subfield></datafield><datafield tag="550" ind1=" " ind2=" "><subfield code="w">h</subfield><subfield code="a">Wai harakeke</subfield></datafield><datafield tag="550" ind1=" " ind2=" "><subfield code="w">h</subfield><subfield code="a">Wai kōrari</subfield></datafield><datafield tag="680" ind1=" " ind2=" "><subfield code="i">Whakamārama: He whara rahi, roroa ngā rau, mārōrō te tupu. Tapahia ai hei mahi kākahu, whāriki, kete aha atu.</subfield></datafield><datafield tag="680" ind1=" " ind2=" "><subfield code="i">Scope Note: The large native flax with many cultivated varieties used for making fibre for clothing, baskets etc. Phormium tenax.</subfield></datafield></record>