<record><leader>00000nz  a2200000n  4500</leader><controlfield tag="001">968</controlfield><controlfield tag="003">NzReo</controlfield><controlfield tag="008">050831 n anznnbab|          || ana      </controlfield><datafield tag="040" ind1=" " ind2=" "><subfield code="a">Nz</subfield><subfield code="c">Nz</subfield><subfield code="f">reo</subfield></datafield><datafield tag="150" ind1=" " ind2=" "><subfield code="a">Hau</subfield></datafield><datafield tag="450" ind1=" " ind2=" "><subfield code="a">Matangi</subfield></datafield><datafield tag="450" ind1=" " ind2=" "><subfield code="a">Winds</subfield></datafield><datafield tag="550" ind1=" " ind2=" "><subfield code="a">Haumātakataka</subfield></datafield><datafield tag="550" ind1=" " ind2=" "><subfield code="a">Tāwhirimātea</subfield></datafield><datafield tag="550" ind1=" " ind2=" "><subfield code="w">g</subfield><subfield code="a">Āhua-o-te-rangi</subfield></datafield><datafield tag="550" ind1=" " ind2=" "><subfield code="w">h</subfield><subfield code="a">Hauāuru</subfield></datafield><datafield tag="550" ind1=" " ind2=" "><subfield code="w">h</subfield><subfield code="a">Hauraro</subfield></datafield><datafield tag="550" ind1=" " ind2=" "><subfield code="w">h</subfield><subfield code="a">Hauwaho</subfield></datafield><datafield tag="550" ind1=" " ind2=" "><subfield code="w">h</subfield><subfield code="a">Tonga</subfield></datafield></record>