<record><leader>00000nz  a2200000n  4500</leader><controlfield tag="001">2825</controlfield><controlfield tag="003">NzReo</controlfield><controlfield tag="008">091027 n anznnbab|          || ana      </controlfield><datafield tag="040" ind1=" " ind2=" "><subfield code="a">Nz</subfield><subfield code="c">Nz</subfield><subfield code="f">reo</subfield></datafield><datafield tag="150" ind1=" " ind2=" "><subfield code="a">Hauā</subfield></datafield><datafield tag="450" ind1=" " ind2=" "><subfield code="a">Intellectually disabled</subfield></datafield><datafield tag="450" ind1=" " ind2=" "><subfield code="a">Mentally disabled</subfield></datafield><datafield tag="450" ind1=" " ind2=" "><subfield code="a">Physically disabled</subfield></datafield><datafield tag="550" ind1=" " ind2=" "><subfield code="w">g</subfield><subfield code="a">Hauātanga</subfield></datafield><datafield tag="680" ind1=" " ind2=" "><subfield code="i">Whakamārama: Ko te hauā he tangata kua pā tētahi mate ā-hinengaro, mate ā-tinana rānei ki runga i a ia.</subfield></datafield><datafield tag="680" ind1=" " ind2=" "><subfield code="i">Scope Note: Person struck by an intellectual, physical and/or mental disability. See also the broader term for disabilities in general.</subfield></datafield></record>