<record><leader>00000nz  a2200000n  4500</leader><controlfield tag="001">3916</controlfield><controlfield tag="003">NzReo</controlfield><controlfield tag="008">111219 n anznnbab|          || ana      </controlfield><datafield tag="040" ind1=" " ind2=" "><subfield code="a">Nz</subfield><subfield code="c">Nz</subfield><subfield code="f">reo</subfield></datafield><datafield tag="150" ind1=" " ind2=" "><subfield code="a">Hauhau</subfield></datafield><datafield tag="450" ind1=" " ind2=" "><subfield code="a">Hauhau militia</subfield></datafield><datafield tag="450" ind1=" " ind2=" "><subfield code="a">Hauhau movement</subfield></datafield><datafield tag="450" ind1=" " ind2=" "><subfield code="a">Hauhauism</subfield></datafield><datafield tag="550" ind1=" " ind2=" "><subfield code="a">Pai Mārire</subfield></datafield><datafield tag="550" ind1=" " ind2=" "><subfield code="a">Ringa kaha</subfield></datafield><datafield tag="550" ind1=" " ind2=" "><subfield code="a">Ringatū</subfield></datafield><datafield tag="550" ind1=" " ind2=" "><subfield code="w">g</subfield><subfield code="a">Taua</subfield></datafield><datafield tag="680" ind1=" " ind2=" "><subfield code="i">Whakamārama: Ko te tohu tuatahi tēnei o te waihangatanga i huri ai ki te hāhi Karaitiana Māori motuhake kua whakatūria e te poropiti rongonui e Te Ua Haumēne nō Taranaki iwi, i ngā rautau o te 1860s. Kua ākina e ētahi o ngā pononga, i kīia ai ko te Hauhau, kia whakawhawhai i te Kāwanatanga, tae atu ki ngā mihingare puta noa i Aotearoa, nā runga i te muru raupatu o te Pākehā i te whenua Māori. Tautoko ai ētahi o rātou i ngā pakanga a ngā ope taua o te hāhi Ringatū, ā, i whawhai hoki ai te ope Hauhau i raro i te maru o te poropiti ko Te Kooti.</subfield></datafield><datafield tag="680" ind1=" " ind2=" "><subfield code="i">Scope Note: The first organised expression of an independent Māori Christian church established by Pai Mārire prophet and founder Te Ua Haumēne, of Taranaki, in the 1860s. Factions of followers referred to as Hauhau were known to have incited militant action across Aotearoa against the government and, in particular, the missionaries in response to Pākehā confiscation of Māori land. Some of these followers fought alongside Ringatū fighters under the prophet Te Kooti Arikirangi Te Tūruki.</subfield></datafield></record>