<record><leader>00000nz  a2200000n  4500</leader><controlfield tag="001">3982</controlfield><controlfield tag="003">NzReo</controlfield><controlfield tag="008">120501 n anznnbab|          || ana      </controlfield><datafield tag="040" ind1=" " ind2=" "><subfield code="a">Nz</subfield><subfield code="c">Nz</subfield><subfield code="f">reo</subfield></datafield><datafield tag="150" ind1=" " ind2=" "><subfield code="a">Haumaru ā-waka</subfield></datafield><datafield tag="450" ind1=" " ind2=" "><subfield code="a">Safety, Vehicle</subfield></datafield><datafield tag="450" ind1=" " ind2=" "><subfield code="a">Vehicle safety</subfield></datafield><datafield tag="550" ind1=" " ind2=" "><subfield code="a">Waka</subfield></datafield><datafield tag="550" ind1=" " ind2=" "><subfield code="w">g</subfield><subfield code="a">Haumarutanga</subfield></datafield><datafield tag="550" ind1=" " ind2=" "><subfield code="w">h</subfield><subfield code="a">Haumaru ā-waka (Waka ama)</subfield></datafield><datafield tag="680" ind1=" " ind2=" "><subfield code="i">Whakamārama: Ko te haumaru ā-waka, te mahi hei ārai i ngā wharanga, i te aituā rānei o te tangata i a ia e haere ana mā runga waka.</subfield></datafield><datafield tag="680" ind1=" " ind2=" "><subfield code="i">Scope Note: All types of vehicle safety</subfield></datafield></record>