<record><leader>00000nz  a2200000n  4500</leader><controlfield tag="001">3985</controlfield><controlfield tag="003">NzReo</controlfield><controlfield tag="008">120501 n anznnbab|          || ana      </controlfield><datafield tag="040" ind1=" " ind2=" "><subfield code="a">Nz</subfield><subfield code="c">Nz</subfield><subfield code="f">reo</subfield></datafield><datafield tag="150" ind1=" " ind2=" "><subfield code="a">Haumaru ā-waka (Waka ama)</subfield></datafield><datafield tag="450" ind1=" " ind2=" "><subfield code="a">Safety, Waka ama</subfield></datafield><datafield tag="450" ind1=" " ind2=" "><subfield code="a">Waka ama safety</subfield></datafield><datafield tag="550" ind1=" " ind2=" "><subfield code="a">Waka ama</subfield></datafield><datafield tag="550" ind1=" " ind2=" "><subfield code="w">g</subfield><subfield code="a">Haumaru ā-waka</subfield></datafield><datafield tag="680" ind1=" " ind2=" "><subfield code="i">Whakamārama: Ko ngā āhuatanga o te mahi haumaru a ngā tāngata e hoe haere ana mā te waka ama.</subfield></datafield></record>