<record><leader>00000nz  a2200000n  4500</leader><controlfield tag="001">3684</controlfield><controlfield tag="003">NzReo</controlfield><controlfield tag="008">110607 n anznnbab|          || ana      </controlfield><datafield tag="040" ind1=" " ind2=" "><subfield code="a">Nz</subfield><subfield code="c">Nz</subfield><subfield code="f">reo</subfield></datafield><datafield tag="150" ind1=" " ind2=" "><subfield code="a">Haumarutanga ipurangi</subfield></datafield><datafield tag="450" ind1=" " ind2=" "><subfield code="a">Internet safety</subfield></datafield><datafield tag="450" ind1=" " ind2=" "><subfield code="a">Online safety</subfield></datafield><datafield tag="450" ind1=" " ind2=" "><subfield code="a">Safety, Internet</subfield></datafield><datafield tag="550" ind1=" " ind2=" "><subfield code="w">g</subfield><subfield code="a">Haumarutanga</subfield></datafield><datafield tag="550" ind1=" " ind2=" "><subfield code="w">g</subfield><subfield code="a">Ipurangi</subfield></datafield><datafield tag="680" ind1=" " ind2=" "><subfield code="i">Whakamārama: Ko te haumaru o ngā tāngata ina whakamahi atu te ipurangi hei ārai i ngā mahi pōrearea, i te whānako tuakiri, i ngā pae tukutuku hoki kāore e pai mā ngā tamariki, pērā i ngā whakaahua harehare.</subfield></datafield><datafield tag="680" ind1=" " ind2=" "><subfield code="i">Scope Note: Security of people and their information when using the Internet. Provides protection against stalking, identity theft and unwelcome sites, particularly offensive material that may be unsuitable for children.</subfield></datafield></record>