<record><leader>00000nz  a2200000n  4500</leader><controlfield tag="001">1839</controlfield><controlfield tag="003">NzReo</controlfield><controlfield tag="008">060524 n anznnbab|          || ana      </controlfield><datafield tag="040" ind1=" " ind2=" "><subfield code="a">Nz</subfield><subfield code="c">Nz</subfield><subfield code="f">reo</subfield></datafield><datafield tag="150" ind1=" " ind2=" "><subfield code="a">Haumata</subfield></datafield><datafield tag="450" ind1=" " ind2=" "><subfield code="a">Broadleaved snow tussocks</subfield></datafield><datafield tag="450" ind1=" " ind2=" "><subfield code="a">Tussocks, Broadleaved snow</subfield></datafield><datafield tag="550" ind1=" " ind2=" "><subfield code="w">g</subfield><subfield code="a">Toetoe</subfield></datafield><datafield tag="680" ind1=" " ind2=" "><subfield code="i">Whakamārama: He toetoe pāpaku te tupu. Ko ngā pua he kōwhai kaho, he tautau.</subfield></datafield><datafield tag="680" ind1=" " ind2=" "><subfield code="i">Scope Note: A small tussock with a loose drooping yellowish flowerhead. Chionochloa flavescens.</subfield></datafield></record>