<record><leader>00000nz  a2200000n  4500</leader><controlfield tag="001">3971</controlfield><controlfield tag="003">NzReo</controlfield><controlfield tag="008">120209 n anznnbab|          || ana      </controlfield><datafield tag="040" ind1=" " ind2=" "><subfield code="a">Nz</subfield><subfield code="c">Nz</subfield><subfield code="f">reo</subfield></datafield><datafield tag="150" ind1=" " ind2=" "><subfield code="a">Haumātakataka</subfield></datafield><datafield tag="450" ind1=" " ind2=" "><subfield code="a">Āwhiowhio</subfield></datafield><datafield tag="450" ind1=" " ind2=" "><subfield code="a">Cyclones</subfield></datafield><datafield tag="450" ind1=" " ind2=" "><subfield code="a">Hurricanes</subfield></datafield><datafield tag="450" ind1=" " ind2=" "><subfield code="a">Tornadoes</subfield></datafield><datafield tag="450" ind1=" " ind2=" "><subfield code="a">Typhoons</subfield></datafield><datafield tag="450" ind1=" " ind2=" "><subfield code="a">Whirlwinds</subfield></datafield><datafield tag="550" ind1=" " ind2=" "><subfield code="a">Hau</subfield></datafield><datafield tag="550" ind1=" " ind2=" "><subfield code="a">Tāwhirimātea</subfield></datafield><datafield tag="550" ind1=" " ind2=" "><subfield code="w">g</subfield><subfield code="a">Aituā (Taiao)</subfield></datafield><datafield tag="680" ind1=" " ind2=" "><subfield code="i">Whakamārama: He āwhā nui e tino kino ai te pupuhi o te hau.</subfield></datafield></record>