<record><leader>00000nz  a2200000n  4500</leader><controlfield tag="001">363</controlfield><controlfield tag="003">NzReo</controlfield><controlfield tag="008">050506 n anznnbab|          || ana      </controlfield><datafield tag="040" ind1=" " ind2=" "><subfield code="a">Nz</subfield><subfield code="c">Nz</subfield><subfield code="f">reo</subfield></datafield><datafield tag="150" ind1=" " ind2=" "><subfield code="a">Haumi</subfield></datafield><datafield tag="550" ind1=" " ind2=" "><subfield code="a">Kaunaroa</subfield></datafield><datafield tag="550" ind1=" " ind2=" "><subfield code="w">g</subfield><subfield code="a">Waka</subfield></datafield><datafield tag="680" ind1=" " ind2=" "><subfield code="i">Whakamārama: Ko te whakaroanga o te waka, aukahatia ai ki te kaunaroa.</subfield></datafield><datafield tag="680" ind1=" " ind2=" "><subfield code="i">Scope Note: A detachable bow or stern piece for a canoe, joined on to the kaunaroa/hull.</subfield></datafield></record>