<record><leader>00000nz  a2200000n  4500</leader><controlfield tag="001">104</controlfield><controlfield tag="003">NzReo</controlfield><controlfield tag="008">060529 n anznnbab|          || ana      </controlfield><datafield tag="040" ind1=" " ind2=" "><subfield code="a">Nz</subfield><subfield code="c">Nz</subfield><subfield code="f">reo</subfield></datafield><datafield tag="150" ind1=" " ind2=" "><subfield code="a">Haumie-Tiketike</subfield></datafield><datafield tag="550" ind1=" " ind2=" "><subfield code="a">Hua rākau</subfield></datafield><datafield tag="550" ind1=" " ind2=" "><subfield code="a">Kai</subfield></datafield><datafield tag="550" ind1=" " ind2=" "><subfield code="a">Mahinga kai o te whenua</subfield></datafield><datafield tag="550" ind1=" " ind2=" "><subfield code="a">Pikopiko (Kai)</subfield></datafield><datafield tag="550" ind1=" " ind2=" "><subfield code="w">g</subfield><subfield code="a">Atua</subfield></datafield><datafield tag="680" ind1=" " ind2=" "><subfield code="i">Whakamārama: Te atua o ngā kai o te ngāhere.</subfield></datafield><datafield tag="680" ind1=" " ind2=" "><subfield code="i">Scope Note: The god of uncultivated food.</subfield></datafield></record>