<record><leader>00000nz  a2200000n  4500</leader><controlfield tag="001">2831</controlfield><controlfield tag="003">NzReo</controlfield><controlfield tag="008">091027 n anznnbab|          || ana      </controlfield><datafield tag="040" ind1=" " ind2=" "><subfield code="a">Nz</subfield><subfield code="c">Nz</subfield><subfield code="f">reo</subfield></datafield><datafield tag="150" ind1=" " ind2=" "><subfield code="a">Hauora ā-waha</subfield></datafield><datafield tag="450" ind1=" " ind2=" "><subfield code="a">Hauora ā-niho</subfield></datafield><datafield tag="450" ind1=" " ind2=" "><subfield code="a">Dental care</subfield></datafield><datafield tag="450" ind1=" " ind2=" "><subfield code="a">Dental hygiene</subfield></datafield><datafield tag="450" ind1=" " ind2=" "><subfield code="a">Oral health</subfield></datafield><datafield tag="550" ind1=" " ind2=" "><subfield code="w">g</subfield><subfield code="a">Hauora tinana</subfield></datafield><datafield tag="680" ind1=" " ind2=" "><subfield code="i">Whakamārama: He momo āhua o te hauora e pā ana ki te oranga waha o te tangata.</subfield></datafield><datafield tag="680" ind1=" " ind2=" "><subfield code="i">Scope Note: For research and resources relating to oral health.</subfield></datafield></record>