<record><leader>00000nz  a2200000n  4500</leader><controlfield tag="001">1074</controlfield><controlfield tag="003">NzReo</controlfield><controlfield tag="008">050831 n anznnbab|          || ana      </controlfield><datafield tag="040" ind1=" " ind2=" "><subfield code="a">Nz</subfield><subfield code="c">Nz</subfield><subfield code="f">reo</subfield></datafield><datafield tag="150" ind1=" " ind2=" "><subfield code="a">Hauora hinengaro</subfield></datafield><datafield tag="450" ind1=" " ind2=" "><subfield code="a">Mental health</subfield></datafield><datafield tag="550" ind1=" " ind2=" "><subfield code="a">Mātauranga mate hinengaro</subfield></datafield><datafield tag="550" ind1=" " ind2=" "><subfield code="a">Pōuri</subfield></datafield><datafield tag="550" ind1=" " ind2=" "><subfield code="a">Pūkatokato</subfield></datafield><datafield tag="550" ind1=" " ind2=" "><subfield code="w">g</subfield><subfield code="a">Ora</subfield></datafield><datafield tag="550" ind1=" " ind2=" "><subfield code="w">h</subfield><subfield code="a">Hinengaro</subfield></datafield><datafield tag="550" ind1=" " ind2=" "><subfield code="w">h</subfield><subfield code="a">Manaaki tangata</subfield></datafield><datafield tag="550" ind1=" " ind2=" "><subfield code="w">h</subfield><subfield code="a">Moe</subfield></datafield><datafield tag="550" ind1=" " ind2=" "><subfield code="w">h</subfield><subfield code="a">Pōrangi</subfield></datafield><datafield tag="550" ind1=" " ind2=" "><subfield code="w">h</subfield><subfield code="a">Wairangi</subfield></datafield><datafield tag="550" ind1=" " ind2=" "><subfield code="w">h</subfield><subfield code="a">Whakamātau hinengaro</subfield></datafield><datafield tag="680" ind1=" " ind2=" "><subfield code="i">Whakamārama: He oranga ā hinengaro me tētahi āhuatanga o te hauora.</subfield></datafield><datafield tag="680" ind1=" " ind2=" "><subfield code="i">Scope Note: A general term for all aspects of mental health and well-being.</subfield></datafield></record>