<record><leader>00000nz  a2200000n  4500</leader><controlfield tag="001">1075</controlfield><controlfield tag="003">NzReo</controlfield><controlfield tag="008">050831 n anznnbab|          || ana      </controlfield><datafield tag="040" ind1=" " ind2=" "><subfield code="a">Nz</subfield><subfield code="c">Nz</subfield><subfield code="f">reo</subfield></datafield><datafield tag="150" ind1=" " ind2=" "><subfield code="a">Hauora wairua</subfield></datafield><datafield tag="450" ind1=" " ind2=" "><subfield code="a">Spiritual health</subfield></datafield><datafield tag="550" ind1=" " ind2=" "><subfield code="a">Ao wairua</subfield></datafield><datafield tag="550" ind1=" " ind2=" "><subfield code="a">Mākutu</subfield></datafield><datafield tag="550" ind1=" " ind2=" "><subfield code="a">Mauri</subfield></datafield><datafield tag="550" ind1=" " ind2=" "><subfield code="a">Moe</subfield></datafield><datafield tag="550" ind1=" " ind2=" "><subfield code="a">Pōuri</subfield></datafield><datafield tag="550" ind1=" " ind2=" "><subfield code="a">Pūkatokato</subfield></datafield><datafield tag="550" ind1=" " ind2=" "><subfield code="a">Tikanga</subfield></datafield><datafield tag="550" ind1=" " ind2=" "><subfield code="a">Tohunga kēhua</subfield></datafield><datafield tag="550" ind1=" " ind2=" "><subfield code="w">g</subfield><subfield code="a">Ora</subfield></datafield><datafield tag="550" ind1=" " ind2=" "><subfield code="w">h</subfield><subfield code="a">Hā</subfield></datafield><datafield tag="550" ind1=" " ind2=" "><subfield code="w">h</subfield><subfield code="a">Mana ake</subfield></datafield><datafield tag="550" ind1=" " ind2=" "><subfield code="w">h</subfield><subfield code="a">Manaaki tangata</subfield></datafield><datafield tag="680" ind1=" " ind2=" "><subfield code="i">Whakamārama: He wairua mahea, he mauri tau, he oranga tinana.</subfield></datafield><datafield tag="680" ind1=" " ind2=" "><subfield code="i">Scope Note: Spiritual wellbeing, an aspect of Māori health.</subfield></datafield></record>