<record><leader>00000nz  a2200000n  4500</leader><controlfield tag="001">812</controlfield><controlfield tag="003">NzReo</controlfield><controlfield tag="008">050825 n anznnbab|          || ana      </controlfield><datafield tag="040" ind1=" " ind2=" "><subfield code="a">Nz</subfield><subfield code="c">Nz</subfield><subfield code="f">reo</subfield></datafield><datafield tag="150" ind1=" " ind2=" "><subfield code="a">Hauora whānau</subfield></datafield><datafield tag="450" ind1=" " ind2=" "><subfield code="a">Family health</subfield></datafield><datafield tag="550" ind1=" " ind2=" "><subfield code="a">Atawhai</subfield></datafield><datafield tag="550" ind1=" " ind2=" "><subfield code="a">Manaakitanga</subfield></datafield><datafield tag="550" ind1=" " ind2=" "><subfield code="a">Tiakitanga</subfield></datafield><datafield tag="550" ind1=" " ind2=" "><subfield code="a">Tuku awhikiri</subfield></datafield><datafield tag="550" ind1=" " ind2=" "><subfield code="a">Tūrangawaewae</subfield></datafield><datafield tag="550" ind1=" " ind2=" "><subfield code="a">Whakapapa</subfield></datafield><datafield tag="550" ind1=" " ind2=" "><subfield code="a">Whenua (Wāhine)</subfield></datafield><datafield tag="550" ind1=" " ind2=" "><subfield code="w">g</subfield><subfield code="a">Ora</subfield></datafield><datafield tag="550" ind1=" " ind2=" "><subfield code="w">h</subfield><subfield code="a">Haumarutanga</subfield></datafield><datafield tag="550" ind1=" " ind2=" "><subfield code="w">h</subfield><subfield code="a">Hauora taihemahema</subfield></datafield><datafield tag="550" ind1=" " ind2=" "><subfield code="w">h</subfield><subfield code="a">Toko i te ora</subfield></datafield><datafield tag="550" ind1=" " ind2=" "><subfield code="w">h</subfield><subfield code="a">Whanaungatanga</subfield></datafield><datafield tag="680" ind1=" " ind2=" "><subfield code="i">Whakamārama: Ko ngā āhuatanga e pā ana ki te hauora o te whānau, hapū, iwi rānei.</subfield></datafield><datafield tag="680" ind1=" " ind2=" "><subfield code="i">Scope Note: The well-being of the family, an important aspect of Māori health.</subfield></datafield></record>