<record><leader>00000nz  a2200000n  4500</leader><controlfield tag="001">2874</controlfield><controlfield tag="003">NzReo</controlfield><controlfield tag="008">091027 n anznnbab|          || ana      </controlfield><datafield tag="040" ind1=" " ind2=" "><subfield code="a">Nz</subfield><subfield code="c">Nz</subfield><subfield code="f">reo</subfield></datafield><datafield tag="150" ind1=" " ind2=" "><subfield code="a">Haurangitanga</subfield></datafield><datafield tag="450" ind1=" " ind2=" "><subfield code="a">Haurangi</subfield></datafield><datafield tag="450" ind1=" " ind2=" "><subfield code="a">Alcoholism</subfield></datafield><datafield tag="450" ind1=" " ind2=" "><subfield code="a">Drunkenness</subfield></datafield><datafield tag="550" ind1=" " ind2=" "><subfield code="w">g</subfield><subfield code="a">Kahungatanga</subfield></datafield><datafield tag="680" ind1=" " ind2=" "><subfield code="i">Whakamārama: Ka hē i te kaha rawa o te kai waipiro, kua hurori hoki te wairua me te tinana.</subfield></datafield><datafield tag="680" ind1=" " ind2=" "><subfield code="i">Scope Note: Excessive consumption of alcohol that leads to extreme behaviour.</subfield></datafield></record>