<record><leader>00000nz  a2200000n  4500</leader><controlfield tag="001">3851</controlfield><controlfield tag="003">NzReo</controlfield><controlfield tag="008">111215 n anznnbab|          || ana      </controlfield><datafield tag="040" ind1=" " ind2=" "><subfield code="a">Nz</subfield><subfield code="c">Nz</subfield><subfield code="f">reo</subfield></datafield><datafield tag="150" ind1=" " ind2=" "><subfield code="a">Hawaiiki</subfield></datafield><datafield tag="450" ind1=" " ind2=" "><subfield code="a">Hawaiiki-nui</subfield></datafield><datafield tag="450" ind1=" " ind2=" "><subfield code="a">Hawaiiki-pamaomao</subfield></datafield><datafield tag="450" ind1=" " ind2=" "><subfield code="a">Hawaiiki-roa</subfield></datafield><datafield tag="450" ind1=" " ind2=" "><subfield code="a">Hawaiki</subfield></datafield><datafield tag="450" ind1=" " ind2=" "><subfield code="a">Rangiātea</subfield></datafield><datafield tag="550" ind1=" " ind2=" "><subfield code="a">Atua</subfield></datafield><datafield tag="550" ind1=" " ind2=" "><subfield code="a">Ōrokohanga o te ao</subfield></datafield><datafield tag="550" ind1=" " ind2=" "><subfield code="a">Pūrākau</subfield></datafield><datafield tag="550" ind1=" " ind2=" "><subfield code="w">g</subfield><subfield code="a">Ao wairua</subfield></datafield></record>