<record><leader>00000nz  a2200000n  4500</leader><controlfield tag="001">4258</controlfield><controlfield tag="003">NzReo</controlfield><controlfield tag="008">131015 n anznnbab|          || ana      </controlfield><datafield tag="040" ind1=" " ind2=" "><subfield code="a">Nz</subfield><subfield code="c">Nz</subfield><subfield code="f">reo</subfield></datafield><datafield tag="150" ind1=" " ind2=" "><subfield code="a">He Wakaputanga o te Rangatiratanga o Niu Tireni</subfield></datafield><datafield tag="450" ind1=" " ind2=" "><subfield code="a">He Whakaputanga o te Rangatiratanga o Niu Tireni</subfield></datafield><datafield tag="450" ind1=" " ind2=" "><subfield code="a">Wakaputanga o te Rangatiratanga o Niu Tireni, He</subfield></datafield><datafield tag="450" ind1=" " ind2=" "><subfield code="a">Whakaputanga o te Rangatiratanga o Niu Tireni, He</subfield></datafield><datafield tag="450" ind1=" " ind2=" "><subfield code="a">Declaration of Independence of the Northern Chiefs (1835)</subfield></datafield><datafield tag="550" ind1=" " ind2=" "><subfield code="w">g</subfield><subfield code="a">Tōrangapū</subfield></datafield></record>