<record><leader>00000nz  a2200000n  4500</leader><controlfield tag="001">1284</controlfield><controlfield tag="003">NzReo</controlfield><controlfield tag="008">060503 n anznnbab|          || ana      </controlfield><datafield tag="040" ind1=" " ind2=" "><subfield code="a">Nz</subfield><subfield code="c">Nz</subfield><subfield code="f">reo</subfield></datafield><datafield tag="150" ind1=" " ind2=" "><subfield code="a">Hei matau</subfield></datafield><datafield tag="450" ind1=" " ind2=" "><subfield code="a">Adornments (Fish hooks)</subfield></datafield><datafield tag="450" ind1=" " ind2=" "><subfield code="a">Jewellery (Fish hooks)</subfield></datafield><datafield tag="550" ind1=" " ind2=" "><subfield code="a">Matau</subfield></datafield><datafield tag="550" ind1=" " ind2=" "><subfield code="a">Pounamu</subfield></datafield><datafield tag="550" ind1=" " ind2=" "><subfield code="w">g</subfield><subfield code="a">Whakakai</subfield></datafield><datafield tag="680" ind1=" " ind2=" "><subfield code="i">Whakamārama: He whakakai tēnei hanga mai i te pounamu, e ōrite ana tana āhua ki te pīhuka.</subfield></datafield><datafield tag="680" ind1=" " ind2=" "><subfield code="i">Scope Note: A neck adornment of a stylised fish hook. Fashioned from greenstone.</subfield></datafield></record>