<record><leader>00000nz  a2200000n  4500</leader><controlfield tag="001">1231</controlfield><controlfield tag="003">NzReo</controlfield><controlfield tag="008">060413 n anznnbab|          || ana      </controlfield><datafield tag="040" ind1=" " ind2=" "><subfield code="a">Nz</subfield><subfield code="c">Nz</subfield><subfield code="f">reo</subfield></datafield><datafield tag="150" ind1=" " ind2=" "><subfield code="a">Heke</subfield></datafield><datafield tag="450" ind1=" " ind2=" "><subfield code="a">Rafters</subfield></datafield><datafield tag="550" ind1=" " ind2=" "><subfield code="w">g</subfield><subfield code="a">Whare whakairo</subfield></datafield><datafield tag="680" ind1=" " ind2=" "><subfield code="i">Whakamārama: Ko ngā rara o te wharepuni ngā heke; e whakairo ana i te kōwhaiwhai.</subfield></datafield><datafield tag="680" ind1=" " ind2=" "><subfield code="i">Scope Note: The painted patterned rafters which extend from the ridgepole to either side of the meeting house.</subfield></datafield></record>