<record><leader>00000nz  a2200000n  4500</leader><controlfield tag="001">2746</controlfield><controlfield tag="003">NzReo</controlfield><controlfield tag="008">060607 n anznnbab|          || ana      </controlfield><datafield tag="040" ind1=" " ind2=" "><subfield code="a">Nz</subfield><subfield code="c">Nz</subfield><subfield code="f">reo</subfield></datafield><datafield tag="150" ind1=" " ind2=" "><subfield code="a">Hekenga</subfield></datafield><datafield tag="450" ind1=" " ind2=" "><subfield code="a">Migration</subfield></datafield><datafield tag="550" ind1=" " ind2=" "><subfield code="a">Taipūwhenuatanga</subfield></datafield><datafield tag="550" ind1=" " ind2=" "><subfield code="w">g</subfield><subfield code="a">Tāngata</subfield></datafield><datafield tag="550" ind1=" " ind2=" "><subfield code="w">g</subfield><subfield code="a">Waka</subfield></datafield><datafield tag="550" ind1=" " ind2=" "><subfield code="w">h</subfield><subfield code="a">Hūnuku</subfield></datafield><datafield tag="680" ind1=" " ind2=" "><subfield code="i">Whakamārama: Te hekenga mai o ngā waka ki Aotearoa. Te nukuhanga o ngā iwi me ngā hapū o roto.</subfield></datafield><datafield tag="680" ind1=" " ind2=" "><subfield code="i">Scope Note: Traditional term used for the mass movement of peoples. Includes both the migration of waka to New Zealand and the internal migrations of iwi or hapū, such as Te Hekenga Mai Raro o Ngāti Toa Rangatira. For the movement of individuals, use Hūnuku.</subfield></datafield></record>