<record><leader>00000nz  a2200000n  4500</leader><controlfield tag="001">3384</controlfield><controlfield tag="003">NzReo</controlfield><controlfield tag="008">101221 n anznnbab|          || ana      </controlfield><datafield tag="040" ind1=" " ind2=" "><subfield code="a">Nz</subfield><subfield code="c">Nz</subfield><subfield code="f">reo</subfield></datafield><datafield tag="150" ind1=" " ind2=" "><subfield code="a">Hī hākinakina</subfield></datafield><datafield tag="450" ind1=" " ind2=" "><subfield code="a">Fishing (Sports)</subfield></datafield><datafield tag="450" ind1=" " ind2=" "><subfield code="a">Fishing, Recreational</subfield></datafield><datafield tag="450" ind1=" " ind2=" "><subfield code="a">Recreational fishing</subfield></datafield><datafield tag="550" ind1=" " ind2=" "><subfield code="a">Taputapu hī ika</subfield></datafield><datafield tag="550" ind1=" " ind2=" "><subfield code="w">g</subfield><subfield code="a">Hī ika</subfield></datafield><datafield tag="550" ind1=" " ind2=" "><subfield code="w">g</subfield><subfield code="a">Whaiwhai</subfield></datafield><datafield tag="680" ind1=" " ind2=" "><subfield code="i">Whakamārama: Ko te take o te hī hākinakina, ka hī tonu i runga i te tākaro, ehara noa iho i te pūtea, kia kohi ai ngā kai mā te whānau. Ka hī hoki i runga i te mahi rangahau pūtaiao.</subfield></datafield><datafield tag="680" ind1=" " ind2=" "><subfield code="i">Scope Note: Fishing for which the primary motive is leisure rather than profit, the provision of food, or the conduct of scientific research.</subfield></datafield></record>