<record><leader>00000nz  a2200000n  4500</leader><controlfield tag="001">606</controlfield><controlfield tag="003">NzReo</controlfield><controlfield tag="008">050629 n anznnbab|          || ana      </controlfield><datafield tag="040" ind1=" " ind2=" "><subfield code="a">Nz</subfield><subfield code="c">Nz</subfield><subfield code="f">reo</subfield></datafield><datafield tag="150" ind1=" " ind2=" "><subfield code="a">Hī ika</subfield></datafield><datafield tag="450" ind1=" " ind2=" "><subfield code="a">Fisheries</subfield></datafield><datafield tag="450" ind1=" " ind2=" "><subfield code="a">Fishing</subfield></datafield><datafield tag="450" ind1=" " ind2=" "><subfield code="a">Fishing methods</subfield></datafield><datafield tag="450" ind1=" " ind2=" "><subfield code="a">Methods, Fishing</subfield></datafield><datafield tag="550" ind1=" " ind2=" "><subfield code="a">Ika</subfield></datafield><datafield tag="550" ind1=" " ind2=" "><subfield code="a">Kaimoana</subfield></datafield><datafield tag="550" ind1=" " ind2=" "><subfield code="a">Ngā uri o Tangaroa</subfield></datafield><datafield tag="550" ind1=" " ind2=" "><subfield code="a">Tangaroa</subfield></datafield><datafield tag="550" ind1=" " ind2=" "><subfield code="w">g</subfield><subfield code="a">Mahinga kai o te wai</subfield></datafield><datafield tag="550" ind1=" " ind2=" "><subfield code="w">h</subfield><subfield code="a">Ahumahi (Hī ika)</subfield></datafield><datafield tag="550" ind1=" " ind2=" "><subfield code="w">h</subfield><subfield code="a">Hī hākinakina</subfield></datafield><datafield tag="550" ind1=" " ind2=" "><subfield code="w">h</subfield><subfield code="a">Mahinga ika tūturu</subfield></datafield><datafield tag="550" ind1=" " ind2=" "><subfield code="w">h</subfield><subfield code="a">Taputapu hī ika</subfield></datafield><datafield tag="550" ind1=" " ind2=" "><subfield code="w">h</subfield><subfield code="a">Taunga ika</subfield></datafield><datafield tag="680" ind1=" " ind2=" "><subfield code="i">Whakamārama: He kaupapa e hāngai tonu ana ki ngā tikanga me ngā kawa katoa o te mahi hī ika, tae rā anō ki te mahinga ika tūturu, te ahumahi hī ika, te hī hākinakina, ngā tikanga o te hī ika, ngā taputapu hī ika me ngā momo taunga ika.</subfield></datafield><datafield tag="680" ind1=" " ind2=" "><subfield code="i">Scope Note: A general term covering fishing and fisheries, including customary, commercial and recreational fishing, fishing methods, fishing implements and fishing grounds. Use narrower terms where possible. See also: Ika (Fish) and Kaimoana (Seafood).</subfield></datafield></record>