<record><leader>00000nz  a2200000n  4500</leader><controlfield tag="001">4125</controlfield><controlfield tag="003">NzReo</controlfield><controlfield tag="008">130110 n anznnbab|          || ana      </controlfield><datafield tag="040" ind1=" " ind2=" "><subfield code="a">Nz</subfield><subfield code="c">Nz</subfield><subfield code="f">reo</subfield></datafield><datafield tag="150" ind1=" " ind2=" "><subfield code="a">Hihi</subfield></datafield><datafield tag="450" ind1=" " ind2=" "><subfield code="a">Stitchbirds</subfield></datafield><datafield tag="550" ind1=" " ind2=" "><subfield code="w">g</subfield><subfield code="a">Manu ngahere</subfield></datafield><datafield tag="680" ind1=" " ind2=" "><subfield code="i">Whakamārama: He manu nō te ngahere, he pango te ūpoko, he huruhuru mā kei muri i ngā karu. He ōriwa parauri te tuarā, he tāhei mā kei te parirau. He kiwikiwi a raro, he tāhei huruhuru kōwhai kei te uma. He manu kai miere.</subfield></datafield><datafield tag="680" ind1=" " ind2=" "><subfield code="i">Scope Note: Notiomystis cincta - a rare endemic forest bird, the male has a black head, upper breast and back, bordered by golden yellow across the breast, white tufts behind the eyes and yellow shoulder patch. The female is grayish brown with a white wingbar. One of the rarest honey-eaters in the world.</subfield></datafield></record>