<record><leader>00000nz  a2200000n  4500</leader><controlfield tag="001">2471</controlfield><controlfield tag="003">NzReo</controlfield><controlfield tag="008">060531 n anznnbab|          || ana      </controlfield><datafield tag="040" ind1=" " ind2=" "><subfield code="a">Nz</subfield><subfield code="c">Nz</subfield><subfield code="f">reo</subfield></datafield><datafield tag="150" ind1=" " ind2=" "><subfield code="a">Hiko</subfield></datafield><datafield tag="450" ind1=" " ind2=" "><subfield code="a">Electricity</subfield></datafield><datafield tag="550" ind1=" " ind2=" "><subfield code="a">Pūngao hiko</subfield></datafield><datafield tag="550" ind1=" " ind2=" "><subfield code="a">Tāhiko</subfield></datafield><datafield tag="550" ind1=" " ind2=" "><subfield code="a">Whaitiri</subfield></datafield><datafield tag="550" ind1=" " ind2=" "><subfield code="w">g</subfield><subfield code="a">Pūtaiao</subfield></datafield><datafield tag="680" ind1=" " ind2=" "><subfield code="i">Whakamārama: Hiko.</subfield></datafield><datafield tag="680" ind1=" " ind2=" "><subfield code="i">Scope Note: Electricity, flashes of lightning, electrical currents.</subfield></datafield></record>