<record><leader>00000nz  a2200000n  4500</leader><controlfield tag="001">723</controlfield><controlfield tag="003">NzReo</controlfield><controlfield tag="008">050825 n anznnbab|          || ana      </controlfield><datafield tag="040" ind1=" " ind2=" "><subfield code="a">Nz</subfield><subfield code="c">Nz</subfield><subfield code="f">reo</subfield></datafield><datafield tag="150" ind1=" " ind2=" "><subfield code="a">Hīmene</subfield></datafield><datafield tag="450" ind1=" " ind2=" "><subfield code="a">Hymns</subfield></datafield><datafield tag="450" ind1=" " ind2=" "><subfield code="a">Psalms</subfield></datafield><datafield tag="550" ind1=" " ind2=" "><subfield code="a">Paipera Tapu</subfield></datafield><datafield tag="550" ind1=" " ind2=" "><subfield code="w">g</subfield><subfield code="a">Whakapono</subfield></datafield><datafield tag="680" ind1=" " ind2=" "><subfield code="i">Whakamārama: Ko ngā waiata me ngā kōrero tapu ki a Ihowa.</subfield></datafield><datafield tag="680" ind1=" " ind2=" "><subfield code="i">Scope Note: Poetic words sung or spoken to the Lord. Includes hymns and psalms.</subfield></datafield></record>