<record><leader>00000nz  a2200000n  4500</leader><controlfield tag="001">603</controlfield><controlfield tag="003">NzReo</controlfield><controlfield tag="008">050629 n anznnbab|          || ana      </controlfield><datafield tag="040" ind1=" " ind2=" "><subfield code="a">Nz</subfield><subfield code="c">Nz</subfield><subfield code="f">reo</subfield></datafield><datafield tag="150" ind1=" " ind2=" "><subfield code="a">Hīnaki</subfield></datafield><datafield tag="450" ind1=" " ind2=" "><subfield code="a">Eel pots, Wicker</subfield></datafield><datafield tag="450" ind1=" " ind2=" "><subfield code="a">Wicker eel pots</subfield></datafield><datafield tag="550" ind1=" " ind2=" "><subfield code="a">Kupenga</subfield></datafield><datafield tag="550" ind1=" " ind2=" "><subfield code="a">Raranga</subfield></datafield><datafield tag="550" ind1=" " ind2=" "><subfield code="a">Taputapu hī ika</subfield></datafield><datafield tag="550" ind1=" " ind2=" "><subfield code="a">Tāruke</subfield></datafield><datafield tag="550" ind1=" " ind2=" "><subfield code="w">g</subfield><subfield code="a">Rama tuna</subfield></datafield><datafield tag="680" ind1=" " ind2=" "><subfield code="i">Whakamārama: Ka mauā e te hinaki i te tuna, hanga i te harakeke.</subfield></datafield><datafield tag="680" ind1=" " ind2=" "><subfield code="i">Scope Note: An eel pot trap made of flax.</subfield></datafield></record>