<record><leader>00000nz  a2200000n  4500</leader><controlfield tag="001">1960</controlfield><controlfield tag="003">NzReo</controlfield><controlfield tag="008">060524 n anznnbab|          || ana      </controlfield><datafield tag="040" ind1=" " ind2=" "><subfield code="a">Nz</subfield><subfield code="c">Nz</subfield><subfield code="f">reo</subfield></datafield><datafield tag="150" ind1=" " ind2=" "><subfield code="a">Hīnau</subfield></datafield><datafield tag="450" ind1=" " ind2=" "><subfield code="a">Whīnau</subfield></datafield><datafield tag="550" ind1=" " ind2=" "><subfield code="w">g</subfield><subfield code="a">Rākau whakaruruhau</subfield></datafield><datafield tag="680" ind1=" " ind2=" "><subfield code="i">Whakamārama: He rākau tupu haere noa iho. Ko ngā pua he mā, he ātaahua. Ko ngā hua porouri, me pēpē hei renga.</subfield></datafield><datafield tag="680" ind1=" " ind2=" "><subfield code="i">Scope Note: A common tree with attractive white flowers. The fruit is purple. Elaeocarpus dentatus.</subfield></datafield></record>