<record><leader>00000nz  a2200000n  4500</leader><controlfield tag="001">854</controlfield><controlfield tag="003">NzReo</controlfield><controlfield tag="008">050831 n anznnbab|          || ana      </controlfield><datafield tag="040" ind1=" " ind2=" "><subfield code="a">Nz</subfield><subfield code="c">Nz</subfield><subfield code="f">reo</subfield></datafield><datafield tag="150" ind1=" " ind2=" "><subfield code="a">Hine-Raumati</subfield></datafield><datafield tag="450" ind1=" " ind2=" "><subfield code="a">Hineraumati</subfield></datafield><datafield tag="550" ind1=" " ind2=" "><subfield code="a">Kapa haka</subfield></datafield><datafield tag="550" ind1=" " ind2=" "><subfield code="a">Rā</subfield></datafield><datafield tag="550" ind1=" " ind2=" "><subfield code="a">Raumati</subfield></datafield><datafield tag="550" ind1=" " ind2=" "><subfield code="a">Tāne-Rore</subfield></datafield><datafield tag="550" ind1=" " ind2=" "><subfield code="a">Wiri</subfield></datafield><datafield tag="550" ind1=" " ind2=" "><subfield code="w">g</subfield><subfield code="a">Atua</subfield></datafield><datafield tag="680" ind1=" " ind2=" "><subfield code="i">Whakamārama: Ko ia te kaitiaki o te wā raumati.</subfield></datafield><datafield tag="680" ind1=" " ind2=" "><subfield code="i">Scope Note: The goddess and guardian of the summer season.</subfield></datafield></record>