<record><leader>00000nz  a2200000n  4500</leader><controlfield tag="001">193</controlfield><controlfield tag="003">NzReo</controlfield><controlfield tag="008">060606 n anznnbab|          || ana      </controlfield><datafield tag="040" ind1=" " ind2=" "><subfield code="a">Nz</subfield><subfield code="c">Nz</subfield><subfield code="f">reo</subfield></datafield><datafield tag="150" ind1=" " ind2=" "><subfield code="a">Hineahuone</subfield></datafield><datafield tag="550" ind1=" " ind2=" "><subfield code="a">Hinetītama</subfield></datafield><datafield tag="550" ind1=" " ind2=" "><subfield code="a">Kuia</subfield></datafield><datafield tag="550" ind1=" " ind2=" "><subfield code="a">Wāhine</subfield></datafield><datafield tag="550" ind1=" " ind2=" "><subfield code="w">g</subfield><subfield code="a">Atua</subfield></datafield><datafield tag="680" ind1=" " ind2=" "><subfield code="i">Whakamārama: Ko ia te wahine tuatahi o te ao. Na Tāne ia e hangamai i te one.</subfield></datafield><datafield tag="680" ind1=" " ind2=" "><subfield code="i">Scope Note: The first woman created by Tāne.</subfield></datafield></record>