<record><leader>00000nz  a2200000n  4500</leader><controlfield tag="001">671</controlfield><controlfield tag="003">NzReo</controlfield><controlfield tag="008">050714 n anznnbab|          || ana      </controlfield><datafield tag="040" ind1=" " ind2=" "><subfield code="a">Nz</subfield><subfield code="c">Nz</subfield><subfield code="f">reo</subfield></datafield><datafield tag="150" ind1=" " ind2=" "><subfield code="a">Hinemoana</subfield></datafield><datafield tag="550" ind1=" " ind2=" "><subfield code="a">Mahere moana</subfield></datafield><datafield tag="550" ind1=" " ind2=" "><subfield code="a">Pākuru</subfield></datafield><datafield tag="550" ind1=" " ind2=" "><subfield code="a">Pūmoana</subfield></datafield><datafield tag="550" ind1=" " ind2=" "><subfield code="a">Pūpakapaka</subfield></datafield><datafield tag="550" ind1=" " ind2=" "><subfield code="a">Pūtātara</subfield></datafield><datafield tag="550" ind1=" " ind2=" "><subfield code="a">Tangaroa</subfield></datafield><datafield tag="550" ind1=" " ind2=" "><subfield code="a">Tōkere</subfield></datafield><datafield tag="550" ind1=" " ind2=" "><subfield code="w">g</subfield><subfield code="a">Atua</subfield></datafield><datafield tag="680" ind1=" " ind2=" "><subfield code="i">Whakamārama: Ko Hinemoana te whakatinanatanga o te moana uriuri me te kaitiaki o ngā taonga pūoro i hanga mai i te anga.</subfield></datafield><datafield tag="680" ind1=" " ind2=" "><subfield code="i">Scope Note: Hinemoana is the embodiment of the deep seas and the guardian of instruments made of seashells.</subfield></datafield></record>