<record><leader>00000nz  a2200000n  4500</leader><controlfield tag="001">158</controlfield><controlfield tag="003">NzReo</controlfield><controlfield tag="008">060601 n anznnbab|          || ana      </controlfield><datafield tag="040" ind1=" " ind2=" "><subfield code="a">Nz</subfield><subfield code="c">Nz</subfield><subfield code="f">reo</subfield></datafield><datafield tag="150" ind1=" " ind2=" "><subfield code="a">Hinenuitepō</subfield></datafield><datafield tag="450" ind1=" " ind2=" "><subfield code="a">Hinenui-te-Pō</subfield></datafield><datafield tag="550" ind1=" " ind2=" "><subfield code="a">Aituā (Taiao)</subfield></datafield><datafield tag="550" ind1=" " ind2=" "><subfield code="a">Hinetītama</subfield></datafield><datafield tag="550" ind1=" " ind2=" "><subfield code="a">Matenga</subfield></datafield><datafield tag="550" ind1=" " ind2=" "><subfield code="a">Te Awa Atua</subfield></datafield><datafield tag="550" ind1=" " ind2=" "><subfield code="w">g</subfield><subfield code="a">Atua</subfield></datafield><datafield tag="680" ind1=" " ind2=" "><subfield code="i">Whakamārama: Ko ia te atua o aituā o ngā matenga katoa o te ao kikokiko. Ko Hinetītama ō mua.</subfield></datafield><datafield tag="680" ind1=" " ind2=" "><subfield code="i">Scope Note: The goddess of death. Formerly known as Hinetītama.</subfield></datafield></record>