<record><leader>00000nz  a2200000n  4500</leader><controlfield tag="001">647</controlfield><controlfield tag="003">NzReo</controlfield><controlfield tag="008">050714 n anznnbab|          || ana      </controlfield><datafield tag="040" ind1=" " ind2=" "><subfield code="a">Nz</subfield><subfield code="c">Nz</subfield><subfield code="f">reo</subfield></datafield><datafield tag="150" ind1=" " ind2=" "><subfield code="a">Hinepūtehue</subfield></datafield><datafield tag="550" ind1=" " ind2=" "><subfield code="a">Hue puruhau</subfield></datafield><datafield tag="550" ind1=" " ind2=" "><subfield code="a">Hue puruwai</subfield></datafield><datafield tag="550" ind1=" " ind2=" "><subfield code="a">Kōauau ponga ihu</subfield></datafield><datafield tag="550" ind1=" " ind2=" "><subfield code="a">Ororuarangi</subfield></datafield><datafield tag="550" ind1=" " ind2=" "><subfield code="a">Poiāwhiowhio</subfield></datafield><datafield tag="550" ind1=" " ind2=" "><subfield code="a">Ponga ihu</subfield></datafield><datafield tag="550" ind1=" " ind2=" "><subfield code="a">Rarā</subfield></datafield><datafield tag="550" ind1=" " ind2=" "><subfield code="w">g</subfield><subfield code="a">Hineraukatauri</subfield></datafield><datafield tag="680" ind1=" " ind2=" "><subfield code="i">Whakamārama: Ko te kaitiaki o ngā taonga pūoro i hanga mai i te hue ko Hinepūtehue.</subfield></datafield><datafield tag="680" ind1=" " ind2=" "><subfield code="i">Scope Note: Hinepūtehue is the guardian of all instruments made of gourds.</subfield></datafield></record>