<record><leader>00000nz  a2200000n  4500</leader><controlfield tag="001">4372</controlfield><controlfield tag="003">NzReo</controlfield><controlfield tag="008">140902 n anznnbab|          || ana      </controlfield><datafield tag="040" ind1=" " ind2=" "><subfield code="a">Nz</subfield><subfield code="c">Nz</subfield><subfield code="f">reo</subfield></datafield><datafield tag="150" ind1=" " ind2=" "><subfield code="a">Hinetītama</subfield></datafield><datafield tag="450" ind1=" " ind2=" "><subfield code="a">Hine-tītama</subfield></datafield><datafield tag="550" ind1=" " ind2=" "><subfield code="a">Hineahuone</subfield></datafield><datafield tag="550" ind1=" " ind2=" "><subfield code="a">Hinenuitepō</subfield></datafield><datafield tag="550" ind1=" " ind2=" "><subfield code="a">Tānemāhuta</subfield></datafield><datafield tag="550" ind1=" " ind2=" "><subfield code="a">Te Awa Atua</subfield></datafield><datafield tag="550" ind1=" " ind2=" "><subfield code="w">g</subfield><subfield code="a">Atua</subfield></datafield><datafield tag="680" ind1=" " ind2=" "><subfield code="i">Whakamārama: Te tamāhine a Hineahuone rāua ko Tāne. Ko ia te tangata tuatahi i whānau mai. Ko Hinenuitepō ō muri.</subfield></datafield><datafield tag="680" ind1=" " ind2=" "><subfield code="i">Scope Note: Hinetītama is the first person to be born, the daughter of Hineahuone and Tāne. Later known as Hinenuitepō.</subfield></datafield></record>