<record><leader>00000nz  a2200000n  4500</leader><controlfield tag="001">3250</controlfield><controlfield tag="003">NzReo</controlfield><controlfield tag="008">101021 n anznnbab|          || ana      </controlfield><datafield tag="040" ind1=" " ind2=" "><subfield code="a">Nz</subfield><subfield code="c">Nz</subfield><subfield code="f">reo</subfield></datafield><datafield tag="150" ind1=" " ind2=" "><subfield code="a">Hinu kai</subfield></datafield><datafield tag="450" ind1=" " ind2=" "><subfield code="a">Kōtutu</subfield></datafield><datafield tag="450" ind1=" " ind2=" "><subfield code="a">Food preservation in fat</subfield></datafield><datafield tag="450" ind1=" " ind2=" "><subfield code="a">Food preservation in oil</subfield></datafield><datafield tag="550" ind1=" " ind2=" "><subfield code="w">g</subfield><subfield code="a">Rokiroki kai</subfield></datafield><datafield tag="550" ind1=" " ind2=" "><subfield code="w">h</subfield><subfield code="a">Pōhā</subfield></datafield><datafield tag="550" ind1=" " ind2=" "><subfield code="w">h</subfield><subfield code="a">Tahā huahua</subfield></datafield><datafield tag="680" ind1=" " ind2=" "><subfield code="i">Whakamārama: Ko ngā kai katoa e tunu ana, ā, ka kōtututia e te hinu kia kore ai e pirau.</subfield></datafield><datafield tag="680" ind1=" " ind2=" "><subfield code="i">Scope Note: Foods cooked, then preserved, in oil or fat.</subfield></datafield></record>