<record><leader>00000nz  a2200000n  4500</leader><controlfield tag="001">4202</controlfield><controlfield tag="003">NzReo</controlfield><controlfield tag="008">131015 n anznnbab|          || ana      </controlfield><datafield tag="040" ind1=" " ind2=" "><subfield code="a">Nz</subfield><subfield code="c">Nz</subfield><subfield code="f">reo</subfield></datafield><datafield tag="150" ind1=" " ind2=" "><subfield code="a">Hoahoa pūweru</subfield></datafield><datafield tag="450" ind1=" " ind2=" "><subfield code="a">Hoahoa pūeru</subfield></datafield><datafield tag="450" ind1=" " ind2=" "><subfield code="a">Design, Fashion</subfield></datafield><datafield tag="450" ind1=" " ind2=" "><subfield code="a">Fashion design</subfield></datafield><datafield tag="550" ind1=" " ind2=" "><subfield code="a">Kākahu</subfield></datafield><datafield tag="550" ind1=" " ind2=" "><subfield code="w">g</subfield><subfield code="a">Waka toi</subfield></datafield></record>