<record><leader>00000nz  a2200000n  4500</leader><controlfield tag="001">2587</controlfield><controlfield tag="003">NzReo</controlfield><controlfield tag="008">060601 n anznnbab|          || ana      </controlfield><datafield tag="040" ind1=" " ind2=" "><subfield code="a">Nz</subfield><subfield code="c">Nz</subfield><subfield code="f">reo</subfield></datafield><datafield tag="150" ind1=" " ind2=" "><subfield code="a">Hōanga</subfield></datafield><datafield tag="450" ind1=" " ind2=" "><subfield code="a">Grindstones</subfield></datafield><datafield tag="550" ind1=" " ind2=" "><subfield code="w">g</subfield><subfield code="a">Kōhatu</subfield></datafield><datafield tag="680" ind1=" " ind2=" "><subfield code="i">Whakamārama: He momo kōhatu, he toka rānei hei orooro i te pounamu, i te ōnewa, i te pakohe hei toki, hei patu me ērā atu mea.</subfield></datafield><datafield tag="680" ind1=" " ind2=" "><subfield code="i">Scope Note: Sandstones and other gritty stones used for wearing down and polishing the surfaces of worked stone. The term refers both to the type of stone and to the grindstones made from it but mainly to the latter.</subfield></datafield></record>