<record><leader>00000nz  a2200000n  4500</leader><controlfield tag="001">2323</controlfield><controlfield tag="003">NzReo</controlfield><controlfield tag="008">060531 n anznnbab|          || ana      </controlfield><datafield tag="040" ind1=" " ind2=" "><subfield code="a">Nz</subfield><subfield code="c">Nz</subfield><subfield code="f">reo</subfield></datafield><datafield tag="150" ind1=" " ind2=" "><subfield code="a">Hoeroa</subfield></datafield><datafield tag="450" ind1=" " ind2=" "><subfield code="a">Parāoa roa</subfield></datafield><datafield tag="450" ind1=" " ind2=" "><subfield code="a">Tata parāoa</subfield></datafield><datafield tag="450" ind1=" " ind2=" "><subfield code="a">Tōrōwai</subfield></datafield><datafield tag="450" ind1=" " ind2=" "><subfield code="a">Weapons, Whalebone</subfield></datafield><datafield tag="450" ind1=" " ind2=" "><subfield code="a">Whalebone weapons</subfield></datafield><datafield tag="550" ind1=" " ind2=" "><subfield code="w">g</subfield><subfield code="a">Rākau ā Tū</subfield></datafield><datafield tag="680" ind1=" " ind2=" "><subfield code="i">Whakamārama: Ko te rara o te tohorā, o te parāoa rānei, hei taonga patu tangata. Whakairo rawa tētahi pito hei whakamau i te tau. Whiua ai, mā te tau e whakahoki mai.</subfield></datafield><datafield tag="680" ind1=" " ind2=" "><subfield code="i">Scope Note: A throwing weapon made from the rib of a whale, with one end carved for the attachment of a cord.</subfield></datafield></record>