<record><leader>00000nz  a2200000n  4500</leader><controlfield tag="001">1396</controlfield><controlfield tag="003">NzReo</controlfield><controlfield tag="008">060511 n anznnbab|          || ana      </controlfield><datafield tag="040" ind1=" " ind2=" "><subfield code="a">Nz</subfield><subfield code="c">Nz</subfield><subfield code="f">reo</subfield></datafield><datafield tag="150" ind1=" " ind2=" "><subfield code="a">Hoiho</subfield></datafield><datafield tag="450" ind1=" " ind2=" "><subfield code="a">Penguins, Yellow-eyed</subfield></datafield><datafield tag="450" ind1=" " ind2=" "><subfield code="a">Yellow-eyed penguins</subfield></datafield><datafield tag="550" ind1=" " ind2=" "><subfield code="w">g</subfield><subfield code="a">Manu moana</subfield></datafield><datafield tag="680" ind1=" " ind2=" "><subfield code="i">Whakamārama: He manu moana. He rite ki te kororā engari he rahi ake. He kōwhai ngā karu me te tipuaki.</subfield></datafield><datafield tag="680" ind1=" " ind2=" "><subfield code="i">Scope Note: A small penguin bigger than a kororā/little blue penguin, and with a yellow eye and crown. Megadyptes antipodes.</subfield></datafield></record>