<record><leader>00000nz  a2200000n  4500</leader><controlfield tag="001">4427</controlfield><controlfield tag="003">NzReo</controlfield><controlfield tag="008">150108 n anznnbab|          || ana      </controlfield><datafield tag="040" ind1=" " ind2=" "><subfield code="a">Nz</subfield><subfield code="c">Nz</subfield><subfield code="f">reo</subfield></datafield><datafield tag="150" ind1=" " ind2=" "><subfield code="a">Hōkakatanga</subfield></datafield><datafield tag="450" ind1=" " ind2=" "><subfield code="a">Behaviour, Sexual</subfield></datafield><datafield tag="450" ind1=" " ind2=" "><subfield code="a">Identity, Sexual</subfield></datafield><datafield tag="450" ind1=" " ind2=" "><subfield code="a">Sexual behaviour</subfield></datafield><datafield tag="450" ind1=" " ind2=" "><subfield code="a">Sexual identity</subfield></datafield><datafield tag="450" ind1=" " ind2=" "><subfield code="a">Sexuality</subfield></datafield><datafield tag="550" ind1=" " ind2=" "><subfield code="a">Taihemahema</subfield></datafield><datafield tag="550" ind1=" " ind2=" "><subfield code="a">Takatāpuitanga</subfield></datafield><datafield tag="550" ind1=" " ind2=" "><subfield code="a">Tuakiri</subfield></datafield><datafield tag="550" ind1=" " ind2=" "><subfield code="w">g</subfield><subfield code="a">Tāngata</subfield></datafield><datafield tag="680" ind1=" " ind2=" "><subfield code="i">Scope Note: All aspects of sexuality relating to the physical, emotional and mental aspects of sexual behaviour and identity.</subfield></datafield></record>