<record><leader>00000nz  a2200000n  4500</leader><controlfield tag="001">3880</controlfield><controlfield tag="003">NzReo</controlfield><controlfield tag="008">111215 n anznnbab|          || ana      </controlfield><datafield tag="040" ind1=" " ind2=" "><subfield code="a">Nz</subfield><subfield code="c">Nz</subfield><subfield code="f">reo</subfield></datafield><datafield tag="150" ind1=" " ind2=" "><subfield code="a">Hokohoko whenua</subfield></datafield><datafield tag="450" ind1=" " ind2=" "><subfield code="a">Hoko whenua</subfield></datafield><datafield tag="450" ind1=" " ind2=" "><subfield code="a">Land purchases</subfield></datafield><datafield tag="450" ind1=" " ind2=" "><subfield code="a">Land sales</subfield></datafield><datafield tag="450" ind1=" " ind2=" "><subfield code="a">Sales, Land</subfield></datafield><datafield tag="550" ind1=" " ind2=" "><subfield code="a">Mana whenua</subfield></datafield><datafield tag="550" ind1=" " ind2=" "><subfield code="a">Ture whenua</subfield></datafield><datafield tag="550" ind1=" " ind2=" "><subfield code="a">Whenua tautohetohe</subfield></datafield><datafield tag="550" ind1=" " ind2=" "><subfield code="w">g</subfield><subfield code="a">Tauhokohoko</subfield></datafield><datafield tag="550" ind1=" " ind2=" "><subfield code="w">g</subfield><subfield code="a">Whenua</subfield></datafield><datafield tag="680" ind1=" " ind2=" "><subfield code="i">Whakamārama: Te mahi hoko i te whenua.</subfield></datafield><datafield tag="680" ind1=" " ind2=" "><subfield code="i">Scope Note: A general term for the sale and purchase of all land.</subfield></datafield></record>