<record><leader>00000nz  a2200000n  4500</leader><controlfield tag="001">357</controlfield><controlfield tag="003">NzReo</controlfield><controlfield tag="008">050506 n anznnbab|          || ana      </controlfield><datafield tag="040" ind1=" " ind2=" "><subfield code="a">Nz</subfield><subfield code="c">Nz</subfield><subfield code="f">reo</subfield></datafield><datafield tag="150" ind1=" " ind2=" "><subfield code="a">Hongi</subfield></datafield><datafield tag="550" ind1=" " ind2=" "><subfield code="a">Hariru</subfield></datafield><datafield tag="550" ind1=" " ind2=" "><subfield code="w">g</subfield><subfield code="a">Pōwhiri</subfield></datafield><datafield tag="550" ind1=" " ind2=" "><subfield code="w">g</subfield><subfield code="a">Tikanga tuku iho</subfield></datafield><datafield tag="550" ind1=" " ind2=" "><subfield code="w">g</subfield><subfield code="a">Whakatau</subfield></datafield><datafield tag="680" ind1=" " ind2=" "><subfield code="i">Whakamārama: Te tiheitanga o ngā ihu mai i te tangata ki te tangata i te wā o te mihimihi.</subfield></datafield><datafield tag="680" ind1=" " ind2=" "><subfield code="i">Scope Note: The exchange of greeting between two people, the pressing of noses, the exchange of breath.</subfield></datafield></record>