<record><leader>00000nz  a2200000n  4500</leader><controlfield tag="001">785</controlfield><controlfield tag="003">NzReo</controlfield><controlfield tag="008">050825 n anznnbab|          || ana      </controlfield><datafield tag="040" ind1=" " ind2=" "><subfield code="a">Nz</subfield><subfield code="c">Nz</subfield><subfield code="f">reo</subfield></datafield><datafield tag="150" ind1=" " ind2=" "><subfield code="a">Hope</subfield></datafield><datafield tag="550" ind1=" " ind2=" "><subfield code="w">g</subfield><subfield code="a">Waiata ā ringa</subfield></datafield><datafield tag="680" ind1=" " ind2=" "><subfield code="i">Whakamārama: Ma te kaitātaki e karanga atu ki tana kapa kia whakaritea ai rātou te "Hope!".</subfield></datafield><datafield tag="680" ind1=" " ind2=" "><subfield code="i">Scope Note: A command by the leader of a performing group to put "hands on hips!".</subfield></datafield></record>