<record><leader>00000nz  a2200000n  4500</leader><controlfield tag="001">1961</controlfield><controlfield tag="003">NzReo</controlfield><controlfield tag="008">060524 n anznnbab|          || ana      </controlfield><datafield tag="040" ind1=" " ind2=" "><subfield code="a">Nz</subfield><subfield code="c">Nz</subfield><subfield code="f">reo</subfield></datafield><datafield tag="150" ind1=" " ind2=" "><subfield code="a">Horoeka</subfield></datafield><datafield tag="450" ind1=" " ind2=" "><subfield code="a">Hohoeka</subfield></datafield><datafield tag="450" ind1=" " ind2=" "><subfield code="a">Lancewoods</subfield></datafield><datafield tag="550" ind1=" " ind2=" "><subfield code="a">Houpara</subfield></datafield><datafield tag="550" ind1=" " ind2=" "><subfield code="w">g</subfield><subfield code="a">Rākau whakaruruhau</subfield></datafield><datafield tag="680" ind1=" " ind2=" "><subfield code="i">Whakamārama: He rākau nō te wao. E mata ana, mē te pou, ko ngā rau he kōroaroa, he whāiti, he mātotoru, he niniho, he tārewarewa. Kia pakari, kia mārō, kua hahore te tīwai, kua porotaka te karamata.</subfield></datafield><datafield tag="680" ind1=" " ind2=" "><subfield code="i">Scope Note: When adult this is a round topped tree with a straight unbranched trunk. The juvenile is a pole like tree with long narrow thick toothed leaves hanging down. Pseudopanax crassifolius.</subfield></datafield></record>