<record><leader>00000nz  a2200000n  4500</leader><controlfield tag="001">1691</controlfield><controlfield tag="003">NzReo</controlfield><controlfield tag="008">060524 n anznnbab|          || ana      </controlfield><datafield tag="040" ind1=" " ind2=" "><subfield code="a">Nz</subfield><subfield code="c">Nz</subfield><subfield code="f">reo</subfield></datafield><datafield tag="150" ind1=" " ind2=" "><subfield code="a">Horokaka</subfield></datafield><datafield tag="450" ind1=" " ind2=" "><subfield code="a">Ngarangara</subfield></datafield><datafield tag="450" ind1=" " ind2=" "><subfield code="a">Ruerueke</subfield></datafield><datafield tag="450" ind1=" " ind2=" "><subfield code="a">Iceplants, New Zealand</subfield></datafield><datafield tag="450" ind1=" " ind2=" "><subfield code="a">New Zealand iceplants</subfield></datafield><datafield tag="550" ind1=" " ind2=" "><subfield code="w">g</subfield><subfield code="a">Otaota</subfield></datafield><datafield tag="680" ind1=" " ind2=" "><subfield code="i">Whakamārama: He otaota toropā te tupu i tātahi. He rarahi, he māwherotea ngā pua, he haruwai ngā rau me ngā tōtō.</subfield></datafield><datafield tag="680" ind1=" " ind2=" "><subfield code="i">Scope Note: A succulent coastal mat plant with large, daisy like flowers. Disphyma australe.</subfield></datafield></record>