<record><leader>00000nz  a2200000n  4500</leader><controlfield tag="001">1622</controlfield><controlfield tag="003">NzReo</controlfield><controlfield tag="008">060524 n anznnbab|          || ana      </controlfield><datafield tag="040" ind1=" " ind2=" "><subfield code="a">Nz</subfield><subfield code="c">Nz</subfield><subfield code="f">reo</subfield></datafield><datafield tag="150" ind1=" " ind2=" "><subfield code="a">Horopito</subfield></datafield><datafield tag="450" ind1=" " ind2=" "><subfield code="a">Puhikawa</subfield></datafield><datafield tag="450" ind1=" " ind2=" "><subfield code="a">Pepper trees</subfield></datafield><datafield tag="450" ind1=" " ind2=" "><subfield code="a">Trees, Pepper</subfield></datafield><datafield tag="550" ind1=" " ind2=" "><subfield code="w">g</subfield><subfield code="a">Mauwha</subfield></datafield><datafield tag="680" ind1=" " ind2=" "><subfield code="i">Whakamārama: He mauwha, he rākau ririki rānei. Ko ngā rau he kuratea kōtiwhatiwha a waho, he hinatea a roto. Mehemea ka kainga, ka pawera te arero.</subfield></datafield><datafield tag="680" ind1=" " ind2=" "><subfield code="i">Scope Note: A shrub or small tree with red tinted or spotted leaves, which are greyish below and have a peppery taste. Pseudowintera axillaris.</subfield></datafield></record>