<record><leader>00000nz  a2200000n  4500</leader><controlfield tag="001">1962</controlfield><controlfield tag="003">NzReo</controlfield><controlfield tag="008">060524 n anznnbab|          || ana      </controlfield><datafield tag="040" ind1=" " ind2=" "><subfield code="a">Nz</subfield><subfield code="c">Nz</subfield><subfield code="f">reo</subfield></datafield><datafield tag="150" ind1=" " ind2=" "><subfield code="a">Houhere</subfield></datafield><datafield tag="450" ind1=" " ind2=" "><subfield code="a">Houhi</subfield></datafield><datafield tag="450" ind1=" " ind2=" "><subfield code="a">Lacebarks</subfield></datafield><datafield tag="550" ind1=" " ind2=" "><subfield code="w">g</subfield><subfield code="a">Rākau whakaruruhau</subfield></datafield><datafield tag="680" ind1=" " ind2=" "><subfield code="i">Whakamārama: He rākau ririki. Hei te Ngahuru mā tonu i ngā pua. Tīhorea ai te kiri, ka whiria hei tauri, ka mau ki ngā waewae, ki te taiaha rānei.</subfield></datafield><datafield tag="680" ind1=" " ind2=" "><subfield code="i">Scope Note: A small tree with abundant white flowers in autumn. The bark was stripped for decorative headbands. Houheria populnea.</subfield></datafield></record>