<record><leader>00000nz  a2200000n  4500</leader><controlfield tag="001">1964</controlfield><controlfield tag="003">NzReo</controlfield><controlfield tag="008">060524 n anznnbab|          || ana      </controlfield><datafield tag="040" ind1=" " ind2=" "><subfield code="a">Nz</subfield><subfield code="c">Nz</subfield><subfield code="f">reo</subfield></datafield><datafield tag="150" ind1=" " ind2=" "><subfield code="a">Houhi puruhi</subfield></datafield><datafield tag="450" ind1=" " ind2=" "><subfield code="a">Houhipuruhi</subfield></datafield><datafield tag="450" ind1=" " ind2=" "><subfield code="a">Lacebarks, Narrowleaved</subfield></datafield><datafield tag="450" ind1=" " ind2=" "><subfield code="a">Narrowleaved lacebarks</subfield></datafield><datafield tag="550" ind1=" " ind2=" "><subfield code="w">g</subfield><subfield code="a">Rākau whakaruruhau</subfield></datafield><datafield tag="680" ind1=" " ind2=" "><subfield code="i">Whakamārama: He momo houhere, he itiiti, he whāiti ngā rau. Kei te rohe mai i Taranaki whakatetonga e tupu ana.</subfield></datafield><datafield tag="680" ind1=" " ind2=" "><subfield code="i">Scope Note: A lacebark tree with small, rather narrow leaves found from Taranaki southwards. Hoheria angustifolia.</subfield></datafield></record>