<record><leader>00000nz  a2200000n  4500</leader><controlfield tag="001">2033</controlfield><controlfield tag="003">NzReo</controlfield><controlfield tag="008">060524 n anznnbab|          || ana      </controlfield><datafield tag="040" ind1=" " ind2=" "><subfield code="a">Nz</subfield><subfield code="c">Nz</subfield><subfield code="f">reo</subfield></datafield><datafield tag="150" ind1=" " ind2=" "><subfield code="a">Houpara</subfield></datafield><datafield tag="450" ind1=" " ind2=" "><subfield code="a">Houmāpara</subfield></datafield><datafield tag="450" ind1=" " ind2=" "><subfield code="a">Houparapara</subfield></datafield><datafield tag="550" ind1=" " ind2=" "><subfield code="a">Horoeka</subfield></datafield><datafield tag="550" ind1=" " ind2=" "><subfield code="w">g</subfield><subfield code="a">Rākau whakauru</subfield></datafield><datafield tag="680" ind1=" " ind2=" "><subfield code="i">Whakamārama: He momo rākau pērā i te horoeka. He tawheratoru, he tawherawhā, he tawherarima rānei ngā rau. Kei ngā ngahere ki tātahi e tupu ana.</subfield></datafield><datafield tag="680" ind1=" " ind2=" "><subfield code="i">Scope Note: A tree found in coastal forests with 3 to 5 leaflets in compound leaves. Related to horoeka/lancewood. Pseudopanax lessonii.</subfield></datafield></record>