<record><leader>00000nz  a2200000n  4500</leader><controlfield tag="001">107</controlfield><controlfield tag="003">NzReo</controlfield><controlfield tag="008">060529 n anznnbab|          || ana      </controlfield><datafield tag="040" ind1=" " ind2=" "><subfield code="a">Nz</subfield><subfield code="c">Nz</subfield><subfield code="f">reo</subfield></datafield><datafield tag="150" ind1=" " ind2=" "><subfield code="a">Hua manu</subfield></datafield><datafield tag="450" ind1=" " ind2=" "><subfield code="a">Birds' eggs</subfield></datafield><datafield tag="450" ind1=" " ind2=" "><subfield code="a">Eggs (Food)</subfield></datafield><datafield tag="550" ind1=" " ind2=" "><subfield code="a">Hua rākau</subfield></datafield><datafield tag="550" ind1=" " ind2=" "><subfield code="a">Hua whenua</subfield></datafield><datafield tag="550" ind1=" " ind2=" "><subfield code="a">Manu</subfield></datafield><datafield tag="550" ind1=" " ind2=" "><subfield code="w">g</subfield><subfield code="a">Kai</subfield></datafield><datafield tag="680" ind1=" " ind2=" "><subfield code="i">Whakamārama: Ko te hua o ngā manu Māori, he kai.</subfield></datafield><datafield tag="680" ind1=" " ind2=" "><subfield code="i">Scope Note: The eggs of native birds eaten by Māori.</subfield></datafield></record>