<record><leader>00000nz  a2200000n  4500</leader><controlfield tag="001">1470</controlfield><controlfield tag="003">NzReo</controlfield><controlfield tag="008">060511 n anznnbab|          || ana      </controlfield><datafield tag="040" ind1=" " ind2=" "><subfield code="a">Nz</subfield><subfield code="c">Nz</subfield><subfield code="f">reo</subfield></datafield><datafield tag="150" ind1=" " ind2=" "><subfield code="a">Huahou</subfield></datafield><datafield tag="450" ind1=" " ind2=" "><subfield code="a">Knots (Birds)</subfield></datafield><datafield tag="550" ind1=" " ind2=" "><subfield code="w">g</subfield><subfield code="a">Manu ki tātahi</subfield></datafield><datafield tag="680" ind1=" " ind2=" "><subfield code="i">Whakamārama: He manu rite te āhua ki te kūaka. Noho pōkai nui ai, noho tahi ai rāua i te ākau.</subfield></datafield><datafield tag="680" ind1=" " ind2=" "><subfield code="i">Scope Note: A shore bird occurring in large flocks along with kūaka/eastern bar-tailed godwit which it resembles. Calidris canutus.</subfield></datafield></record>