<record><leader>00000nz  a2200000n  4500</leader><controlfield tag="001">3254</controlfield><controlfield tag="003">NzReo</controlfield><controlfield tag="008">101021 n anznnbab|          || ana      </controlfield><datafield tag="040" ind1=" " ind2=" "><subfield code="a">Nz</subfield><subfield code="c">Nz</subfield><subfield code="f">reo</subfield></datafield><datafield tag="150" ind1=" " ind2=" "><subfield code="a">Huahua</subfield></datafield><datafield tag="450" ind1=" " ind2=" "><subfield code="a">Eels, Preserved</subfield></datafield><datafield tag="450" ind1=" " ind2=" "><subfield code="a">Muttonbirds, Preserved</subfield></datafield><datafield tag="450" ind1=" " ind2=" "><subfield code="a">Preserved eels</subfield></datafield><datafield tag="450" ind1=" " ind2=" "><subfield code="a">Preserved muttonbirds</subfield></datafield><datafield tag="450" ind1=" " ind2=" "><subfield code="a">Preserved raw fish</subfield></datafield><datafield tag="450" ind1=" " ind2=" "><subfield code="a">Preserved raw game</subfield></datafield><datafield tag="550" ind1=" " ind2=" "><subfield code="w">g</subfield><subfield code="a">Rokiroki kai</subfield></datafield><datafield tag="680" ind1=" " ind2=" "><subfield code="i">Whakamārama: Ko ngā ika, ko ngā manu, ā, ka whai wāhi atu ko ngā tītī me ngā tuna kāore anō kia tunu, ā, ka hopukina e te tangata hei rokiroki kai.</subfield></datafield><datafield tag="680" ind1=" " ind2=" "><subfield code="i">Scope Note: Uncooked fish and game (including muttonbirds and eels), preserved using any method.</subfield></datafield></record>