<record><leader>00000nz  a2200000n  4500</leader><controlfield tag="001">789</controlfield><controlfield tag="003">NzReo</controlfield><controlfield tag="008">050825 n anznnbab|          || ana      </controlfield><datafield tag="040" ind1=" " ind2=" "><subfield code="a">Nz</subfield><subfield code="c">Nz</subfield><subfield code="f">reo</subfield></datafield><datafield tag="150" ind1=" " ind2=" "><subfield code="a">Hue</subfield></datafield><datafield tag="450" ind1=" " ind2=" "><subfield code="a">Kōkakoware</subfield></datafield><datafield tag="450" ind1=" " ind2=" "><subfield code="a">Calabash gourds</subfield></datafield><datafield tag="450" ind1=" " ind2=" "><subfield code="a">Gourd plants</subfield></datafield><datafield tag="450" ind1=" " ind2=" "><subfield code="a">Gourds</subfield></datafield><datafield tag="550" ind1=" " ind2=" "><subfield code="a">Hue puruhau</subfield></datafield><datafield tag="550" ind1=" " ind2=" "><subfield code="a">Hue puruwai</subfield></datafield><datafield tag="550" ind1=" " ind2=" "><subfield code="a">Kōauau ponga ihu</subfield></datafield><datafield tag="550" ind1=" " ind2=" "><subfield code="a">Ponga ihu</subfield></datafield><datafield tag="550" ind1=" " ind2=" "><subfield code="a">Rarā</subfield></datafield><datafield tag="550" ind1=" " ind2=" "><subfield code="w">g</subfield><subfield code="a">Hua whenua</subfield></datafield><datafield tag="550" ind1=" " ind2=" "><subfield code="w">g</subfield><subfield code="a">Otaota</subfield></datafield><datafield tag="680" ind1=" " ind2=" "><subfield code="i">Whakamārama: Ka tipu te hue ka toro whakarunga te aka. He mā ngā pua. He rite ngā hua ki te kamokamo. Waiho ai kia maroke hei tahā.</subfield></datafield><datafield tag="680" ind1=" " ind2=" "><subfield code="i">Scope Note: The plant from which gourds were made. It resembles a pumpkin with a white flower. It was brought to Aotearoa by Māori but never became naturalised. Lagenaria siceraria.</subfield></datafield></record>