<record><leader>00000nz  a2200000n  4500</leader><controlfield tag="001">620</controlfield><controlfield tag="003">NzReo</controlfield><controlfield tag="008">050714 n anznnbab|          || ana      </controlfield><datafield tag="040" ind1=" " ind2=" "><subfield code="a">Nz</subfield><subfield code="c">Nz</subfield><subfield code="f">reo</subfield></datafield><datafield tag="150" ind1=" " ind2=" "><subfield code="a">Hue puruhau</subfield></datafield><datafield tag="450" ind1=" " ind2=" "><subfield code="a">Gourd instruments</subfield></datafield><datafield tag="450" ind1=" " ind2=" "><subfield code="a">Instruments, Gourd</subfield></datafield><datafield tag="550" ind1=" " ind2=" "><subfield code="a">Hinepūtehue</subfield></datafield><datafield tag="550" ind1=" " ind2=" "><subfield code="a">Hue</subfield></datafield><datafield tag="550" ind1=" " ind2=" "><subfield code="a">Hue puruwai</subfield></datafield><datafield tag="550" ind1=" " ind2=" "><subfield code="a">Ororuarangi</subfield></datafield><datafield tag="550" ind1=" " ind2=" "><subfield code="a">Poiāwhiowhio</subfield></datafield><datafield tag="550" ind1=" " ind2=" "><subfield code="a">Ponga ihu</subfield></datafield><datafield tag="550" ind1=" " ind2=" "><subfield code="a">Rarā</subfield></datafield><datafield tag="550" ind1=" " ind2=" "><subfield code="w">g</subfield><subfield code="a">Taonga pūoro</subfield></datafield><datafield tag="680" ind1=" " ind2=" "><subfield code="i">Whakamārama: He hue nunui tēnei, ā, ka tapahi ai i te pito o te kakau hei kawe rangi mo te kupu ki te pūhia hoki e te tangata i te pito pūare, ka puta te pūoro o te hau hamumu.</subfield></datafield><datafield tag="680" ind1=" " ind2=" "><subfield code="i">Scope Note: These are large gourds, with their tops removed, used in composition. When blown across the open end, a vibrant bass sound is produced.</subfield></datafield></record>