<record><leader>00000nz  a2200000n  4500</leader><controlfield tag="001">621</controlfield><controlfield tag="003">NzReo</controlfield><controlfield tag="008">050714 n anznnbab|          || ana      </controlfield><datafield tag="040" ind1=" " ind2=" "><subfield code="a">Nz</subfield><subfield code="c">Nz</subfield><subfield code="f">reo</subfield></datafield><datafield tag="150" ind1=" " ind2=" "><subfield code="a">Hue puruwai</subfield></datafield><datafield tag="450" ind1=" " ind2=" "><subfield code="a">Gourd instruments</subfield></datafield><datafield tag="450" ind1=" " ind2=" "><subfield code="a">Instruments, Gourd</subfield></datafield><datafield tag="550" ind1=" " ind2=" "><subfield code="a">Hinepūtehue</subfield></datafield><datafield tag="550" ind1=" " ind2=" "><subfield code="a">Hue</subfield></datafield><datafield tag="550" ind1=" " ind2=" "><subfield code="a">Hue puruhau</subfield></datafield><datafield tag="550" ind1=" " ind2=" "><subfield code="a">Ororuarangi</subfield></datafield><datafield tag="550" ind1=" " ind2=" "><subfield code="a">Poiāwhiowhio</subfield></datafield><datafield tag="550" ind1=" " ind2=" "><subfield code="a">Ponga ihu</subfield></datafield><datafield tag="550" ind1=" " ind2=" "><subfield code="a">Rarā</subfield></datafield><datafield tag="550" ind1=" " ind2=" "><subfield code="w">g</subfield><subfield code="a">Taonga pūoro</subfield></datafield><datafield tag="680" ind1=" " ind2=" "><subfield code="i">Whakamārama: Ki te waiho noatia ngā kākano ki roto tonu o te hue nui, ka waiho kia maroke, ka taea te āta huri te hue kia puta he reo rite tonu ki tētahi wairere.</subfield></datafield><datafield tag="680" ind1=" " ind2=" "><subfield code="i">Scope Note: Unlike the hue puruhau, the gourd is left intact and the seeds left inside to dry. By turning the gourd slowly, the sound produced is like running water.</subfield></datafield></record>