<record><leader>00000nz  a2200000n  4500</leader><controlfield tag="001">2543</controlfield><controlfield tag="003">NzReo</controlfield><controlfield tag="008">060531 n anznnbab|          || ana      </controlfield><datafield tag="040" ind1=" " ind2=" "><subfield code="a">Nz</subfield><subfield code="c">Nz</subfield><subfield code="f">reo</subfield></datafield><datafield tag="150" ind1=" " ind2=" "><subfield code="a">Hui-ā-iwi</subfield></datafield><datafield tag="450" ind1=" " ind2=" "><subfield code="a">Gatherings, Tribal</subfield></datafield><datafield tag="450" ind1=" " ind2=" "><subfield code="a">Meetings, Tribal</subfield></datafield><datafield tag="450" ind1=" " ind2=" "><subfield code="a">Tribal gatherings</subfield></datafield><datafield tag="450" ind1=" " ind2=" "><subfield code="a">Tribal meetings</subfield></datafield><datafield tag="550" ind1=" " ind2=" "><subfield code="a">Hui-ā-whānau</subfield></datafield><datafield tag="550" ind1=" " ind2=" "><subfield code="a">Iwi</subfield></datafield><datafield tag="550" ind1=" " ind2=" "><subfield code="w">g</subfield><subfield code="a">Hui</subfield></datafield><datafield tag="550" ind1=" " ind2=" "><subfield code="w">h</subfield><subfield code="a">Kōrero-ā-iwi</subfield></datafield><datafield tag="680" ind1=" " ind2=" "><subfield code="i">Whakamārama: He hui whakatūngia ai mō te iwi.</subfield></datafield><datafield tag="680" ind1=" " ind2=" "><subfield code="i">Scope Note: A meeting opened to all tribal members.</subfield></datafield></record>