<record><leader>00000nz  a2200000n  4500</leader><controlfield tag="001">2550</controlfield><controlfield tag="003">NzReo</controlfield><controlfield tag="008">060531 n anznnbab|          || ana      </controlfield><datafield tag="040" ind1=" " ind2=" "><subfield code="a">Nz</subfield><subfield code="c">Nz</subfield><subfield code="f">reo</subfield></datafield><datafield tag="150" ind1=" " ind2=" "><subfield code="a">Hui-ā-whānau</subfield></datafield><datafield tag="450" ind1=" " ind2=" "><subfield code="a">Family gatherings</subfield></datafield><datafield tag="450" ind1=" " ind2=" "><subfield code="a">Family meetings</subfield></datafield><datafield tag="450" ind1=" " ind2=" "><subfield code="a">Gatherings, Family</subfield></datafield><datafield tag="450" ind1=" " ind2=" "><subfield code="a">Meetings, Family</subfield></datafield><datafield tag="550" ind1=" " ind2=" "><subfield code="a">Hui-ā-iwi</subfield></datafield><datafield tag="550" ind1=" " ind2=" "><subfield code="a">Whānau</subfield></datafield><datafield tag="550" ind1=" " ind2=" "><subfield code="w">g</subfield><subfield code="a">Hui</subfield></datafield><datafield tag="680" ind1=" " ind2=" "><subfield code="i">Whakamārama: Te whakakōkirihia e te whānau hei hui.</subfield></datafield><datafield tag="680" ind1=" " ind2=" "><subfield code="i">Scope Note: A gathering of family members to discuss family issues.</subfield></datafield></record>