<record><leader>00000nz  a2200000n  4500</leader><controlfield tag="001">4216</controlfield><controlfield tag="003">NzReo</controlfield><controlfield tag="008">131015 n anznnbab|          || ana      </controlfield><datafield tag="040" ind1=" " ind2=" "><subfield code="a">Nz</subfield><subfield code="c">Nz</subfield><subfield code="f">reo</subfield></datafield><datafield tag="150" ind1=" " ind2=" "><subfield code="a">Hui taurima</subfield></datafield><datafield tag="450" ind1=" " ind2=" "><subfield code="a">Taiopenga</subfield></datafield><datafield tag="450" ind1=" " ind2=" "><subfield code="a">Festivals</subfield></datafield><datafield tag="550" ind1=" " ind2=" "><subfield code="w">g</subfield><subfield code="a">Hui</subfield></datafield><datafield tag="680" ind1=" " ind2=" "><subfield code="i">Whakamārama: He hui whakanui ā-kaupapa pērā i Te Ahurei, i Te Kawau Mārō hoki.</subfield></datafield></record>