<record><leader>00000nz  a2200000n  4500</leader><controlfield tag="001">1305</controlfield><controlfield tag="003">NzReo</controlfield><controlfield tag="008">060511 n anznnbab|          || ana      </controlfield><datafield tag="040" ind1=" " ind2=" "><subfield code="a">Nz</subfield><subfield code="c">Nz</subfield><subfield code="f">reo</subfield></datafield><datafield tag="150" ind1=" " ind2=" "><subfield code="a">Huia</subfield></datafield><datafield tag="550" ind1=" " ind2=" "><subfield code="w">g</subfield><subfield code="a">Manu ngahere</subfield></datafield><datafield tag="550" ind1=" " ind2=" "><subfield code="w">g</subfield><subfield code="a">Manu ngaro</subfield></datafield><datafield tag="680" ind1=" " ind2=" "><subfield code="i">Whakamārama: He manu ātaahua, poropango katoa. He mā te toi o te kurutou - he tino taonga hei rākai i te māhunga. Ko te ngutu o te uwha he roa, he tāwhana. Heoi, kua ngaro noa atu i te tirohanga kanohi.</subfield></datafield><datafield tag="680" ind1=" " ind2=" "><subfield code="i">Scope Note: An extinct indigo black bird prized for the white-tipped tail feathers worn as hair ornaments. The male and female had bills of different shapes. Heteralocha acutirostris.</subfield></datafield></record>