<record><leader>00000nz  a2200000n  4500</leader><controlfield tag="001">3674</controlfield><controlfield tag="003">NzReo</controlfield><controlfield tag="008">110607 n anznnbab|          || ana      </controlfield><datafield tag="040" ind1=" " ind2=" "><subfield code="a">Nz</subfield><subfield code="c">Nz</subfield><subfield code="f">reo</subfield></datafield><datafield tag="150" ind1=" " ind2=" "><subfield code="a">Hunga mahi toi</subfield></datafield><datafield tag="450" ind1=" " ind2=" "><subfield code="a">Kāhui mahi toi</subfield></datafield><datafield tag="450" ind1=" " ind2=" "><subfield code="a">Ringa rehe</subfield></datafield><datafield tag="450" ind1=" " ind2=" "><subfield code="a">Ringa toi</subfield></datafield><datafield tag="450" ind1=" " ind2=" "><subfield code="a">Ringatoi</subfield></datafield><datafield tag="450" ind1=" " ind2=" "><subfield code="a">Artists</subfield></datafield><datafield tag="450" ind1=" " ind2=" "><subfield code="a">Artists, Tā moko</subfield></datafield><datafield tag="450" ind1=" " ind2=" "><subfield code="a">Carvers</subfield></datafield><datafield tag="450" ind1=" " ind2=" "><subfield code="a">Designers</subfield></datafield><datafield tag="450" ind1=" " ind2=" "><subfield code="a">Performance artists</subfield></datafield><datafield tag="450" ind1=" " ind2=" "><subfield code="a">Poets</subfield></datafield><datafield tag="450" ind1=" " ind2=" "><subfield code="a">Tā moko artists</subfield></datafield><datafield tag="450" ind1=" " ind2=" "><subfield code="a">Weavers</subfield></datafield><datafield tag="550" ind1=" " ind2=" "><subfield code="a">Kaihoahoa whare</subfield></datafield><datafield tag="550" ind1=" " ind2=" "><subfield code="a">Kapa haka</subfield></datafield><datafield tag="550" ind1=" " ind2=" "><subfield code="a">Rōpū Māori</subfield></datafield><datafield tag="550" ind1=" " ind2=" "><subfield code="a">Tā</subfield></datafield><datafield tag="550" ind1=" " ind2=" "><subfield code="a">Tāngata</subfield></datafield><datafield tag="550" ind1=" " ind2=" "><subfield code="a">Whakairo</subfield></datafield><datafield tag="550" ind1=" " ind2=" "><subfield code="w">g</subfield><subfield code="a">Mahi toi</subfield></datafield><datafield tag="550" ind1=" " ind2=" "><subfield code="w">h</subfield><subfield code="a">Kaipeita</subfield></datafield><datafield tag="550" ind1=" " ind2=" "><subfield code="w">h</subfield><subfield code="a">Kaitito waiata</subfield></datafield><datafield tag="550" ind1=" " ind2=" "><subfield code="w">h</subfield><subfield code="a">Kaituhi</subfield></datafield><datafield tag="550" ind1=" " ind2=" "><subfield code="w">h</subfield><subfield code="a">Kaiwaiata</subfield></datafield><datafield tag="550" ind1=" " ind2=" "><subfield code="w">h</subfield><subfield code="a">Kaiwhakaari</subfield></datafield><datafield tag="550" ind1=" " ind2=" "><subfield code="w">h</subfield><subfield code="a">Kaiwhakangahau</subfield></datafield><datafield tag="550" ind1=" " ind2=" "><subfield code="w">h</subfield><subfield code="a">Kaiwhakatangi</subfield></datafield><datafield tag="550" ind1=" " ind2=" "><subfield code="w">h</subfield><subfield code="a">Tohunga tā moko</subfield></datafield><datafield tag="550" ind1=" " ind2=" "><subfield code="w">h</subfield><subfield code="a">Tohunga whakairo</subfield></datafield><datafield tag="680" ind1=" " ind2=" "><subfield code="i">Whakamārama: Ko ngā ringatoi katoa o te ao Māori.</subfield></datafield><datafield tag="680" ind1=" " ind2=" "><subfield code="i">Scope Note: A general term covering Māori artists, and artists who produce Māori art. Use for works about artists, including fashion and clothing designers, graphic designers, musicians, performance artists and groups (ie actors, Kapa Haka groups), tā moko artists, contemporary visual artists, carvers, weavers, writers, poets etc. For a list see http://maoriart.org.nz/features/links/maori_artists.</subfield></datafield></record>