<record><leader>00000nz  a2200000n  4500</leader><controlfield tag="001">2792</controlfield><controlfield tag="003">NzReo</controlfield><controlfield tag="008">071210 n anznnbab|          || ana      </controlfield><datafield tag="040" ind1=" " ind2=" "><subfield code="a">Nz</subfield><subfield code="c">Nz</subfield><subfield code="f">reo</subfield></datafield><datafield tag="150" ind1=" " ind2=" "><subfield code="a">Hūnuku</subfield></datafield><datafield tag="450" ind1=" " ind2=" "><subfield code="a">Internal migration</subfield></datafield><datafield tag="450" ind1=" " ind2=" "><subfield code="a">Migration, Internal</subfield></datafield><datafield tag="450" ind1=" " ind2=" "><subfield code="a">Migration, Rural-urban</subfield></datafield><datafield tag="450" ind1=" " ind2=" "><subfield code="a">Rural-urban migration</subfield></datafield><datafield tag="550" ind1=" " ind2=" "><subfield code="a">Taipūwhenuatanga</subfield></datafield><datafield tag="550" ind1=" " ind2=" "><subfield code="w">g</subfield><subfield code="a">Hekenga</subfield></datafield><datafield tag="680" ind1=" " ind2=" "><subfield code="i">Whakamārama: Te nukunuku atu o ngā iwi ki ngā taone nui o Aotearoa.</subfield></datafield><datafield tag="680" ind1=" " ind2=" "><subfield code="i">Scope Note: The migration or movement of Māori people in contemporary times within Aotearoa, particularly to the big towns.</subfield></datafield></record>