<record><leader>00000nz  a2200000n  4500</leader><controlfield tag="001">1449</controlfield><controlfield tag="003">NzReo</controlfield><controlfield tag="008">060511 n anznnbab|          || ana      </controlfield><datafield tag="040" ind1=" " ind2=" "><subfield code="a">Nz</subfield><subfield code="c">Nz</subfield><subfield code="f">reo</subfield></datafield><datafield tag="150" ind1=" " ind2=" "><subfield code="a">Hūrepo</subfield></datafield><datafield tag="450" ind1=" " ind2=" "><subfield code="a">Matuku (Manu)</subfield></datafield><datafield tag="450" ind1=" " ind2=" "><subfield code="a">Bitterns</subfield></datafield><datafield tag="550" ind1=" " ind2=" "><subfield code="w">g</subfield><subfield code="a">Manu repo</subfield></datafield><datafield tag="680" ind1=" " ind2=" "><subfield code="i">Whakamārama: He manu parauri, ropiropi, rahi te tinana. Noho ai i te repo. Kia tū i waenga raupō, ngaro tonu atu. Ko tana karanga "Hū".</subfield></datafield><datafield tag="680" ind1=" " ind2=" "><subfield code="i">Scope Note: A large brown swamp-living bird which is well camouflaged when it stands motionless in the raupō/bulrushes. Botaurus poiciloptilus.</subfield></datafield></record>