<record><leader>00000nz  a2200000n  4500</leader><controlfield tag="001">682</controlfield><controlfield tag="003">NzReo</controlfield><controlfield tag="008">050714 n anznnbab|          || ana      </controlfield><datafield tag="040" ind1=" " ind2=" "><subfield code="a">Nz</subfield><subfield code="c">Nz</subfield><subfield code="f">reo</subfield></datafield><datafield tag="150" ind1=" " ind2=" "><subfield code="a">Hūruarangi</subfield></datafield><datafield tag="550" ind1=" " ind2=" "><subfield code="a">Poiāwhiowhio</subfield></datafield><datafield tag="550" ind1=" " ind2=" "><subfield code="a">Porotiti</subfield></datafield><datafield tag="550" ind1=" " ind2=" "><subfield code="a">Pūrerehua (Taonga pūoro)</subfield></datafield><datafield tag="550" ind1=" " ind2=" "><subfield code="w">g</subfield><subfield code="a">Hineraukatauri</subfield></datafield><datafield tag="680" ind1=" " ind2=" "><subfield code="i">Whakamārama: He kaitiaki tēnei mo ngā momo taonga whakatangitangi he topa/takahuri noa tana rere.</subfield></datafield><datafield tag="680" ind1=" " ind2=" "><subfield code="i">Scope Note: The guardian of types of instruments which are spun.</subfield></datafield></record>