<record><leader>00000nz  a2200000n  4500</leader><controlfield tag="001">1558</controlfield><controlfield tag="003">NzReo</controlfield><controlfield tag="008">060524 n anznnbab|          || ana      </controlfield><datafield tag="040" ind1=" " ind2=" "><subfield code="a">Nz</subfield><subfield code="c">Nz</subfield><subfield code="f">reo</subfield></datafield><datafield tag="150" ind1=" " ind2=" "><subfield code="a">Huruhuru whenua</subfield></datafield><datafield tag="450" ind1=" " ind2=" "><subfield code="a">Ferns, Ground dwelling</subfield></datafield><datafield tag="450" ind1=" " ind2=" "><subfield code="a">Ground dwelling ferns</subfield></datafield><datafield tag="550" ind1=" " ind2=" "><subfield code="a">Aka</subfield></datafield><datafield tag="550" ind1=" " ind2=" "><subfield code="a">Mauwha</subfield></datafield><datafield tag="550" ind1=" " ind2=" "><subfield code="a">Otaota</subfield></datafield><datafield tag="550" ind1=" " ind2=" "><subfield code="a">Otaota hāwere</subfield></datafield><datafield tag="550" ind1=" " ind2=" "><subfield code="a">Pūkohu</subfield></datafield><datafield tag="550" ind1=" " ind2=" "><subfield code="a">Rākau whakakake</subfield></datafield><datafield tag="550" ind1=" " ind2=" "><subfield code="a">Rākau whakaruruhau</subfield></datafield><datafield tag="550" ind1=" " ind2=" "><subfield code="a">Rākau whakauru</subfield></datafield><datafield tag="550" ind1=" " ind2=" "><subfield code="a">Whara</subfield></datafield><datafield tag="550" ind1=" " ind2=" "><subfield code="w">g</subfield><subfield code="a">Te Wao nui a Tāne</subfield></datafield><datafield tag="550" ind1=" " ind2=" "><subfield code="w">h</subfield><subfield code="a">Kiokio</subfield></datafield><datafield tag="550" ind1=" " ind2=" "><subfield code="w">h</subfield><subfield code="a">Kōwaowao</subfield></datafield><datafield tag="550" ind1=" " ind2=" "><subfield code="w">h</subfield><subfield code="a">Mokimoki</subfield></datafield><datafield tag="550" ind1=" " ind2=" "><subfield code="w">h</subfield><subfield code="a">Mouku</subfield></datafield><datafield tag="550" ind1=" " ind2=" "><subfield code="w">h</subfield><subfield code="a">Petako</subfield></datafield><datafield tag="550" ind1=" " ind2=" "><subfield code="w">h</subfield><subfield code="a">Petako pāraharaha</subfield></datafield><datafield tag="550" ind1=" " ind2=" "><subfield code="w">h</subfield><subfield code="a">Pikopiko</subfield></datafield><datafield tag="550" ind1=" " ind2=" "><subfield code="w">h</subfield><subfield code="a">Rarauhe</subfield></datafield><datafield tag="680" ind1=" " ind2=" "><subfield code="i">Whakamārama: Ko ngā momo otaota whakapaipai i te wao nui a Tāne, he kiokio, he mouku, he mokimoki, he petako he aha ake.</subfield></datafield><datafield tag="680" ind1=" " ind2=" "><subfield code="i">Scope Note: A general term for ground dwelling ferns, "feathers of the earth".</subfield></datafield></record>