<record><leader>00000nz  a2200000n  4500</leader><controlfield tag="001">2671</controlfield><controlfield tag="003">NzReo</controlfield><controlfield tag="008">060607 n anznnbab|          || ana      </controlfield><datafield tag="040" ind1=" " ind2=" "><subfield code="a">Nz</subfield><subfield code="c">Nz</subfield><subfield code="f">reo</subfield></datafield><datafield tag="150" ind1=" " ind2=" "><subfield code="a">Ihe</subfield></datafield><datafield tag="450" ind1=" " ind2=" "><subfield code="a">Hangenge</subfield></datafield><datafield tag="450" ind1=" " ind2=" "><subfield code="a">Takeke</subfield></datafield><datafield tag="450" ind1=" " ind2=" "><subfield code="a">Garfishes</subfield></datafield><datafield tag="550" ind1=" " ind2=" "><subfield code="w">g</subfield><subfield code="a">Ika waitai</subfield></datafield><datafield tag="680" ind1=" " ind2=" "><subfield code="i">Whakamārama: He ika matatuhi, he whāiti noa te tinana. He kākonu te kiri. Ko te kauae o raro he roa, he tara koikoi.</subfield></datafield><datafield tag="680" ind1=" " ind2=" "><subfield code="i">Scope Note: A distinctive shoaling fish in which the lower jaw extends far beyond the upper jaw, like a long spike. The body is silvery and cylindrical. Hyporhamphus ihi.</subfield></datafield></record>