<record><leader>00000nz  a2200000n  4500</leader><controlfield tag="001">2644</controlfield><controlfield tag="003">NzReo</controlfield><controlfield tag="008">060607 n anznnbab|          || ana      </controlfield><datafield tag="040" ind1=" " ind2=" "><subfield code="a">Nz</subfield><subfield code="c">Nz</subfield><subfield code="f">reo</subfield></datafield><datafield tag="150" ind1=" " ind2=" "><subfield code="a">Ika moana hōhonu</subfield></datafield><datafield tag="450" ind1=" " ind2=" "><subfield code="a">Deep-sea fishes</subfield></datafield><datafield tag="450" ind1=" " ind2=" "><subfield code="a">Fishes, Deep-sea</subfield></datafield><datafield tag="550" ind1=" " ind2=" "><subfield code="w">g</subfield><subfield code="a">Ika</subfield></datafield><datafield tag="550" ind1=" " ind2=" "><subfield code="w">h</subfield><subfield code="a">Hāpuku</subfield></datafield><datafield tag="680" ind1=" " ind2=" "><subfield code="i">Whakamārama: Ko ngā momo ika o te moana hōhonu o waho.</subfield></datafield><datafield tag="680" ind1=" " ind2=" "><subfield code="i">Scope Note: Fishes of the open seas but living in deep water, away from the coast.</subfield></datafield></record>