<record><leader>00000nz  a2200000n  4500</leader><controlfield tag="001">2651</controlfield><controlfield tag="003">NzReo</controlfield><controlfield tag="008">060607 n anznnbab|          || ana      </controlfield><datafield tag="040" ind1=" " ind2=" "><subfield code="a">Nz</subfield><subfield code="c">Nz</subfield><subfield code="f">reo</subfield></datafield><datafield tag="150" ind1=" " ind2=" "><subfield code="a">Ika waimāori</subfield></datafield><datafield tag="450" ind1=" " ind2=" "><subfield code="a">Fishes, Freshwater</subfield></datafield><datafield tag="450" ind1=" " ind2=" "><subfield code="a">Freshwater fishes</subfield></datafield><datafield tag="550" ind1=" " ind2=" "><subfield code="w">g</subfield><subfield code="a">Ika</subfield></datafield><datafield tag="550" ind1=" " ind2=" "><subfield code="w">h</subfield><subfield code="a">Īnanga</subfield></datafield><datafield tag="680" ind1=" " ind2=" "><subfield code="i">Whakamārama: Ko ngā momo ika o ngā awa, o ngā roto.</subfield></datafield><datafield tag="680" ind1=" " ind2=" "><subfield code="i">Scope Note: Fishes which live in freshwater.</subfield></datafield></record>