<record><leader>00000nz  a2200000n  4500</leader><controlfield tag="001">2658</controlfield><controlfield tag="003">NzReo</controlfield><controlfield tag="008">060607 n anznnbab|          || ana      </controlfield><datafield tag="040" ind1=" " ind2=" "><subfield code="a">Nz</subfield><subfield code="c">Nz</subfield><subfield code="f">reo</subfield></datafield><datafield tag="150" ind1=" " ind2=" "><subfield code="a">Īnanga</subfield></datafield><datafield tag="450" ind1=" " ind2=" "><subfield code="a">Inanga</subfield></datafield><datafield tag="450" ind1=" " ind2=" "><subfield code="a">Whitebait</subfield></datafield><datafield tag="550" ind1=" " ind2=" "><subfield code="w">g</subfield><subfield code="a">Ika o ngā ngutu awa</subfield></datafield><datafield tag="550" ind1=" " ind2=" "><subfield code="w">g</subfield><subfield code="a">Ika waimāori</subfield></datafield><datafield tag="680" ind1=" " ind2=" "><subfield code="i">Whakamārama: He ika ririki, pūataata. Hei te kōanga ka rērere te tini me te mano i ngā awa.</subfield></datafield><datafield tag="680" ind1=" " ind2=" "><subfield code="i">Scope Note: A small migratory freshwater fish with a pale translucent body netted commercially as "whitebait". Galaxias maculatus.</subfield></datafield></record>