<record><leader>00000nz  a2200000n  4500</leader><controlfield tag="001">4105</controlfield><controlfield tag="003">NzReo</controlfield><controlfield tag="008">130110 n anznnbab|          || ana      </controlfield><datafield tag="040" ind1=" " ind2=" "><subfield code="a">Nz</subfield><subfield code="c">Nz</subfield><subfield code="f">reo</subfield></datafield><datafield tag="150" ind1=" " ind2=" "><subfield code="a">Inenga</subfield></datafield><datafield tag="450" ind1=" " ind2=" "><subfield code="a">Measurement</subfield></datafield><datafield tag="450" ind1=" " ind2=" "><subfield code="a">Ineka</subfield></datafield><datafield tag="550" ind1=" " ind2=" "><subfield code="a">Pāngarau</subfield></datafield><datafield tag="550" ind1=" " ind2=" "><subfield code="w">g</subfield><subfield code="a">Pūtaiao</subfield></datafield><datafield tag="680" ind1=" " ind2=" "><subfield code="i">Whakamārama: Ka kimi mai i te nui, i te roa, i te whānui, i te teitei, i te hōhonu, i te taumaha rānei o tētahi mea, mā te whakatairite ki tētahi waeine, ki tētahi atu hanga rānei e mōhiotia ana te rahi.</subfield></datafield></record>