<record><leader>00000nz  a2200000n  4500</leader><controlfield tag="001">3443</controlfield><controlfield tag="003">NzReo</controlfield><controlfield tag="008">101221 n anznnbab|          || ana      </controlfield><datafield tag="040" ind1=" " ind2=" "><subfield code="a">Nz</subfield><subfield code="c">Nz</subfield><subfield code="f">reo</subfield></datafield><datafield tag="150" ind1=" " ind2=" "><subfield code="a">Ingarihi</subfield></datafield><datafield tag="450" ind1=" " ind2=" "><subfield code="a">English culture</subfield></datafield><datafield tag="450" ind1=" " ind2=" "><subfield code="a">English people</subfield></datafield><datafield tag="550" ind1=" " ind2=" "><subfield code="w">g</subfield><subfield code="a">Tauiwi</subfield></datafield></record>