<record><leader>00000nz  a2200000n  4500</leader><controlfield tag="001">3678</controlfield><controlfield tag="003">NzReo</controlfield><controlfield tag="008">110607 n anznnbab|          || ana      </controlfield><datafield tag="040" ind1=" " ind2=" "><subfield code="a">Nz</subfield><subfield code="c">Nz</subfield><subfield code="f">reo</subfield></datafield><datafield tag="150" ind1=" " ind2=" "><subfield code="a">Ingoa</subfield></datafield><datafield tag="450" ind1=" " ind2=" "><subfield code="a">Tūmoko</subfield></datafield><datafield tag="450" ind1=" " ind2=" "><subfield code="a">Names (People)</subfield></datafield><datafield tag="450" ind1=" " ind2=" "><subfield code="a">Names (Whare)</subfield></datafield><datafield tag="450" ind1=" " ind2=" "><subfield code="a">Names, Personal</subfield></datafield><datafield tag="450" ind1=" " ind2=" "><subfield code="a">Personal names</subfield></datafield><datafield tag="550" ind1=" " ind2=" "><subfield code="a">Atua</subfield></datafield><datafield tag="550" ind1=" " ind2=" "><subfield code="a">Hapū</subfield></datafield><datafield tag="550" ind1=" " ind2=" "><subfield code="a">Iwi</subfield></datafield><datafield tag="550" ind1=" " ind2=" "><subfield code="a">Kararehe</subfield></datafield><datafield tag="550" ind1=" " ind2=" "><subfield code="a">Manu</subfield></datafield><datafield tag="550" ind1=" " ind2=" "><subfield code="a">Ngā uri o Tangaroa</subfield></datafield><datafield tag="550" ind1=" " ind2=" "><subfield code="a">Ngārara</subfield></datafield><datafield tag="550" ind1=" " ind2=" "><subfield code="a">Tāngata</subfield></datafield><datafield tag="550" ind1=" " ind2=" "><subfield code="a">Taunahanahatanga</subfield></datafield><datafield tag="550" ind1=" " ind2=" "><subfield code="a">Tūpuna</subfield></datafield><datafield tag="550" ind1=" " ind2=" "><subfield code="a">Waka</subfield></datafield><datafield tag="550" ind1=" " ind2=" "><subfield code="a">Whānau</subfield></datafield><datafield tag="550" ind1=" " ind2=" "><subfield code="a">Whare</subfield></datafield><datafield tag="550" ind1=" " ind2=" "><subfield code="w">g</subfield><subfield code="a">Tuakiri</subfield></datafield><datafield tag="680" ind1=" " ind2=" "><subfield code="i">Whakamārama: Te kupu, ngā kupu rānei e mōhiotia ai ko wai tētahi tangata, he aha rānei tētahi mea, koia anō ngā kupu ka whakahuatia hei tohu i a ia.</subfield></datafield><datafield tag="680" ind1=" " ind2=" "><subfield code="i">Scope Note: Meanings and origins of names of people, buildings (particularly meeting houses), ancestors, gods, waka/canoes, and wildlife (such as animals, birds, insects and marine life). See also Taunahanahatanga (Placenames).</subfield></datafield></record>