<record><leader>00000nz  a2200000n  4500</leader><controlfield tag="001">282</controlfield><controlfield tag="003">NzReo</controlfield><controlfield tag="008">060608 n anznnbab|          || ana      </controlfield><datafield tag="040" ind1=" " ind2=" "><subfield code="a">Nz</subfield><subfield code="c">Nz</subfield><subfield code="f">reo</subfield></datafield><datafield tag="150" ind1=" " ind2=" "><subfield code="a">Inoi</subfield></datafield><datafield tag="450" ind1=" " ind2=" "><subfield code="a">Christian prayers</subfield></datafield><datafield tag="450" ind1=" " ind2=" "><subfield code="a">Prayers (Christian)</subfield></datafield><datafield tag="550" ind1=" " ind2=" "><subfield code="a">Karakia</subfield></datafield><datafield tag="550" ind1=" " ind2=" "><subfield code="w">g</subfield><subfield code="a">Whakapono</subfield></datafield><datafield tag="680" ind1=" " ind2=" "><subfield code="i">Whakamārama: Ko te karakia, te karanga, tangi hoki a te tangata ki a Ihowa.</subfield></datafield><datafield tag="680" ind1=" " ind2=" "><subfield code="i">Scope Note: Christian prayers, rather than in the traditional sense of karakia/incantations.</subfield></datafield></record>