<record><leader>00000nz  a2200000n  4500</leader><controlfield tag="001">2718</controlfield><controlfield tag="003">NzReo</controlfield><controlfield tag="008">060607 n anznnbab|          || ana      </controlfield><datafield tag="040" ind1=" " ind2=" "><subfield code="a">Nz</subfield><subfield code="c">Nz</subfield><subfield code="f">reo</subfield></datafield><datafield tag="150" ind1=" " ind2=" "><subfield code="a">Ira wahine</subfield></datafield><datafield tag="450" ind1=" " ind2=" "><subfield code="a">Female gender</subfield></datafield><datafield tag="550" ind1=" " ind2=" "><subfield code="a">Kōtiro</subfield></datafield><datafield tag="550" ind1=" " ind2=" "><subfield code="a">Tamāhine</subfield></datafield><datafield tag="550" ind1=" " ind2=" "><subfield code="a">Wāhine</subfield></datafield><datafield tag="550" ind1=" " ind2=" "><subfield code="w">g</subfield><subfield code="a">Ira</subfield></datafield></record>