<record><leader>00000nz  a2200000n  4500</leader><controlfield tag="001">38</controlfield><controlfield tag="003">NzReo</controlfield><controlfield tag="008">060224 n anznnbab|          || ana      </controlfield><datafield tag="040" ind1=" " ind2=" "><subfield code="a">Nz</subfield><subfield code="c">Nz</subfield><subfield code="f">reo</subfield></datafield><datafield tag="150" ind1=" " ind2=" "><subfield code="a">Iwi</subfield></datafield><datafield tag="450" ind1=" " ind2=" "><subfield code="a">Nation</subfield></datafield><datafield tag="450" ind1=" " ind2=" "><subfield code="a">Tribes</subfield></datafield><datafield tag="550" ind1=" " ind2=" "><subfield code="a">Hapori whānau</subfield></datafield><datafield tag="550" ind1=" " ind2=" "><subfield code="a">Hui-ā-iwi</subfield></datafield><datafield tag="550" ind1=" " ind2=" "><subfield code="a">Ingoa</subfield></datafield><datafield tag="550" ind1=" " ind2=" "><subfield code="a">Marau-ā-iwi</subfield></datafield><datafield tag="550" ind1=" " ind2=" "><subfield code="a">Noho-ā-iwi</subfield></datafield><datafield tag="550" ind1=" " ind2=" "><subfield code="a">Rangahau o te noho-ā-iwi</subfield></datafield><datafield tag="550" ind1=" " ind2=" "><subfield code="a">Reo-ā-iwi</subfield></datafield><datafield tag="550" ind1=" " ind2=" "><subfield code="a">Tāngata whenua</subfield></datafield><datafield tag="550" ind1=" " ind2=" "><subfield code="a">Tikanga-ā-iwi</subfield></datafield><datafield tag="550" ind1=" " ind2=" "><subfield code="a">Whenua</subfield></datafield><datafield tag="550" ind1=" " ind2=" "><subfield code="w">g</subfield><subfield code="a">Waka (Whakapapa)</subfield></datafield><datafield tag="550" ind1=" " ind2=" "><subfield code="w">g</subfield><subfield code="a">Whanaungatanga</subfield></datafield><datafield tag="550" ind1=" " ind2=" "><subfield code="w">h</subfield><subfield code="a">Hapū</subfield></datafield><datafield tag="550" ind1=" " ind2=" "><subfield code="w">h</subfield><subfield code="a">Iwi taketake</subfield></datafield><datafield tag="550" ind1=" " ind2=" "><subfield code="w">h</subfield><subfield code="a">Rūnanga ā-iwi</subfield></datafield><datafield tag="550" ind1=" " ind2=" "><subfield code="w">h</subfield><subfield code="a">Tāngata o Te Moana-nui-a-Kiwa</subfield></datafield><datafield tag="550" ind1=" " ind2=" "><subfield code="w">h</subfield><subfield code="a">Whakapakari ā-iwi</subfield></datafield><datafield tag="680" ind1=" " ind2=" "><subfield code="i">Whakamārama: He takiwā anō ngā tāngata, e kiia nei he iwi kē.</subfield></datafield><datafield tag="680" ind1=" " ind2=" "><subfield code="i">Scope Note: A large social unit with geographical boundaries.</subfield></datafield></record>