<record><leader>00000nz  a2200000n  4500</leader><controlfield tag="001">3461</controlfield><controlfield tag="003">NzReo</controlfield><controlfield tag="008">101221 n anznnbab|          || ana      </controlfield><datafield tag="040" ind1=" " ind2=" "><subfield code="a">Nz</subfield><subfield code="c">Nz</subfield><subfield code="f">reo</subfield></datafield><datafield tag="150" ind1=" " ind2=" "><subfield code="a">Iwi taketake</subfield></datafield><datafield tag="450" ind1=" " ind2=" "><subfield code="a">Indigenous cultures</subfield></datafield><datafield tag="450" ind1=" " ind2=" "><subfield code="a">Indigenous people</subfield></datafield><datafield tag="450" ind1=" " ind2=" "><subfield code="a">People, Indigenous</subfield></datafield><datafield tag="550" ind1=" " ind2=" "><subfield code="a">Tāngata whenua</subfield></datafield><datafield tag="550" ind1=" " ind2=" "><subfield code="a">Tauiwi</subfield></datafield><datafield tag="550" ind1=" " ind2=" "><subfield code="w">g</subfield><subfield code="a">Iwi</subfield></datafield><datafield tag="680" ind1=" " ind2=" "><subfield code="i">Whakamārama: Ko ngā iwi tawhito o te ao, nō rātou te whenua.</subfield></datafield><datafield tag="680" ind1=" " ind2=" "><subfield code="i">Scope Note: Members of the original ethnic groups who populated the country in which they are living (United Nations definition). Use for works about indigenous peoples and cultures around the world. See also: Tauiwi (Foreigners) and Tāngata whenua (Māori people).</subfield></datafield></record>