<record><leader>00000nz  a2200000n  4500</leader><controlfield tag="001">1760</controlfield><controlfield tag="003">NzReo</controlfield><controlfield tag="008">060524 n anznnbab|          || ana      </controlfield><datafield tag="040" ind1=" " ind2=" "><subfield code="a">Nz</subfield><subfield code="c">Nz</subfield><subfield code="f">reo</subfield></datafield><datafield tag="150" ind1=" " ind2=" "><subfield code="a">Kahakaha</subfield></datafield><datafield tag="450" ind1=" " ind2=" "><subfield code="a">Kōkaha</subfield></datafield><datafield tag="450" ind1=" " ind2=" "><subfield code="a">Tākahakaha</subfield></datafield><datafield tag="550" ind1=" " ind2=" "><subfield code="a">Kōwharawhara</subfield></datafield><datafield tag="550" ind1=" " ind2=" "><subfield code="a">Toetoe</subfield></datafield><datafield tag="550" ind1=" " ind2=" "><subfield code="w">g</subfield><subfield code="a">Otaota hāwere</subfield></datafield><datafield tag="550" ind1=" " ind2=" "><subfield code="w">g</subfield><subfield code="a">Whara</subfield></datafield><datafield tag="680" ind1=" " ind2=" "><subfield code="i">Whakamārama: He whara rite ki te kōwharawhara. Tupu ai te pā kahakaha i ngā peka o ngā rākau nunui. Ko ngā rau he karikitea, he pupuri wai hoki. Ko ngā take he pango.</subfield></datafield><datafield tag="680" ind1=" " ind2=" "><subfield code="i">Scope Note: A forest epiphyte resembling kōwharawhara. It forms clumps on boughs of large trees. The base of the plant is blackish and the leaves are pale green. The leaf bases hold water. Collospermum hastatum.</subfield></datafield></record>