<record><leader>00000nz  a2200000n  4500</leader><controlfield tag="001">1186</controlfield><controlfield tag="003">NzReo</controlfield><controlfield tag="008">060331 n anznnbab|          || ana      </controlfield><datafield tag="040" ind1=" " ind2=" "><subfield code="a">Nz</subfield><subfield code="c">Nz</subfield><subfield code="f">reo</subfield></datafield><datafield tag="150" ind1=" " ind2=" "><subfield code="a">Kaharoa</subfield></datafield><datafield tag="450" ind1=" " ind2=" "><subfield code="a">Drag nets</subfield></datafield><datafield tag="450" ind1=" " ind2=" "><subfield code="a">Nets, Drag</subfield></datafield><datafield tag="550" ind1=" " ind2=" "><subfield code="w">g</subfield><subfield code="a">Kupenga</subfield></datafield><datafield tag="680" ind1=" " ind2=" "><subfield code="i">Whakamārama: He roa tēnei momo kupenga, engari he mahangā wāhanga ā, he kupenga kukume hoki.</subfield></datafield><datafield tag="680" ind1=" " ind2=" "><subfield code="i">Scope Note: A large drag net made in several sections.</subfield></datafield></record>