<record><leader>00000nz  a2200000n  4500</leader><controlfield tag="001">2675</controlfield><controlfield tag="003">NzReo</controlfield><controlfield tag="008">060607 n anznnbab|          || ana      </controlfield><datafield tag="040" ind1=" " ind2=" "><subfield code="a">Nz</subfield><subfield code="c">Nz</subfield><subfield code="f">reo</subfield></datafield><datafield tag="150" ind1=" " ind2=" "><subfield code="a">Kahawai</subfield></datafield><datafield tag="550" ind1=" " ind2=" "><subfield code="w">g</subfield><subfield code="a">Ika waitai</subfield></datafield><datafield tag="680" ind1=" " ind2=" "><subfield code="i">Whakamārama: He ika e hiia ana i ngā tai katoa. He māia hoki ki te whawhai ka mau ana. Nā reira ka pārekereka te hunga hī kahawai. He porotaka te tinana, he hina ki te ōrangi-kāriki. He tino kai.</subfield></datafield><datafield tag="680" ind1=" " ind2=" "><subfield code="i">Scope Note: A common round bodied fish which fights strongly when hooked and so is popular for sport. It is grey to green/blue above marked with small irregular brown spots, and silvery-white below. The grey fins distinguish it from the small haku. Arripis trutta.</subfield></datafield></record>