<record><leader>00000nz  a2200000n  4500</leader><controlfield tag="001">1477</controlfield><controlfield tag="003">NzReo</controlfield><controlfield tag="008">060511 n anznnbab|          || ana      </controlfield><datafield tag="040" ind1=" " ind2=" "><subfield code="a">Nz</subfield><subfield code="c">Nz</subfield><subfield code="f">reo</subfield></datafield><datafield tag="150" ind1=" " ind2=" "><subfield code="a">Kāhawai</subfield></datafield><datafield tag="450" ind1=" " ind2=" "><subfield code="a">Caspian terns</subfield></datafield><datafield tag="450" ind1=" " ind2=" "><subfield code="a">Terns, Caspian</subfield></datafield><datafield tag="550" ind1=" " ind2=" "><subfield code="w">g</subfield><subfield code="a">Manu ki tātahi</subfield></datafield><datafield tag="680" ind1=" " ind2=" "><subfield code="i">Whakamārama: He manu, he momo tara. He whero ngā ngutu, he pango te tipuaki, me ngā waewae.</subfield></datafield><datafield tag="680" ind1=" " ind2=" "><subfield code="i">Scope Note: A large type of tern with a black crown, red bill and black feet. Sterna caspia.</subfield></datafield></record>