<record><leader>00000nz  a2200000n  4500</leader><controlfield tag="001">1908</controlfield><controlfield tag="003">NzReo</controlfield><controlfield tag="008">060524 n anznnbab|          || ana      </controlfield><datafield tag="040" ind1=" " ind2=" "><subfield code="a">Nz</subfield><subfield code="c">Nz</subfield><subfield code="f">reo</subfield></datafield><datafield tag="150" ind1=" " ind2=" "><subfield code="a">Kahikatea</subfield></datafield><datafield tag="450" ind1=" " ind2=" "><subfield code="a">Kahika</subfield></datafield><datafield tag="450" ind1=" " ind2=" "><subfield code="a">Katea</subfield></datafield><datafield tag="450" ind1=" " ind2=" "><subfield code="a">Pines, White</subfield></datafield><datafield tag="450" ind1=" " ind2=" "><subfield code="a">White pines</subfield></datafield><datafield tag="550" ind1=" " ind2=" "><subfield code="w">g</subfield><subfield code="a">Rākau whakakake</subfield></datafield><datafield tag="550" ind1=" " ind2=" "><subfield code="w">h</subfield><subfield code="a">Koroī</subfield></datafield><datafield tag="680" ind1=" " ind2=" "><subfield code="i">Whakamārama: He rākau tino roa. E mata ana he rite ngā rau ki o te miro, he kōekoeko te tupu. Kia pakari, kua rite ngā rau ki o te rimu. Ko ngā kākano he pango, he karaka te koroi.</subfield></datafield><datafield tag="680" ind1=" " ind2=" "><subfield code="i">Scope Note: A very tall tree, conical when young. The seeds are black and sit on orange fruit. The juvenile foliage is like the miro but the adult foliage is like the rimu. Dacrycarpus dacrydioides.</subfield></datafield></record>