<record><leader>00000nz  a2200000n  4500</leader><controlfield tag="001">1306</controlfield><controlfield tag="003">NzReo</controlfield><controlfield tag="008">060511 n anznnbab|          || ana      </controlfield><datafield tag="040" ind1=" " ind2=" "><subfield code="a">Nz</subfield><subfield code="c">Nz</subfield><subfield code="f">reo</subfield></datafield><datafield tag="150" ind1=" " ind2=" "><subfield code="a">Kāhu</subfield></datafield><datafield tag="450" ind1=" " ind2=" "><subfield code="a">Australasian harriers</subfield></datafield><datafield tag="450" ind1=" " ind2=" "><subfield code="a">Harriers, Australasian</subfield></datafield><datafield tag="550" ind1=" " ind2=" "><subfield code="w">g</subfield><subfield code="a">Manu ngahere</subfield></datafield><datafield tag="680" ind1=" " ind2=" "><subfield code="i">Whakamārama: He manu nui, he kiko te kai. He kokoi ngā ngutu me ngā maikuku. He hāura tōna tuarā.</subfield></datafield><datafield tag="680" ind1=" " ind2=" "><subfield code="i">Scope Note: A large flesh eating bird with a sharp beak and talons and a brown back. Circus approximans.</subfield></datafield></record>