<record><leader>00000nz  a2200000n  4500</leader><controlfield tag="001">565</controlfield><controlfield tag="003">NzReo</controlfield><controlfield tag="008">050629 n anznnbab|          || ana      </controlfield><datafield tag="040" ind1=" " ind2=" "><subfield code="a">Nz</subfield><subfield code="c">Nz</subfield><subfield code="f">reo</subfield></datafield><datafield tag="150" ind1=" " ind2=" "><subfield code="a">Kahu huruhuru</subfield></datafield><datafield tag="450" ind1=" " ind2=" "><subfield code="a">Cloaks, Feathered</subfield></datafield><datafield tag="450" ind1=" " ind2=" "><subfield code="a">Feathered cloaks</subfield></datafield><datafield tag="550" ind1=" " ind2=" "><subfield code="w">g</subfield><subfield code="a">Whatu kākahu</subfield></datafield><datafield tag="550" ind1=" " ind2=" "><subfield code="w">h</subfield><subfield code="a">Kahu kiwi</subfield></datafield><datafield tag="680" ind1=" " ind2=" "><subfield code="i">Whakamārama: He kakahu whatu i te muka me ngā raukura.</subfield></datafield><datafield tag="680" ind1=" " ind2=" "><subfield code="i">Scope Note: A cloak made using feathers.</subfield></datafield></record>