<record><leader>00000nz  a2200000n  4500</leader><controlfield tag="001">1111</controlfield><controlfield tag="003">NzReo</controlfield><controlfield tag="008">060324 n anznnbab|          || ana      </controlfield><datafield tag="040" ind1=" " ind2=" "><subfield code="a">Nz</subfield><subfield code="c">Nz</subfield><subfield code="f">reo</subfield></datafield><datafield tag="150" ind1=" " ind2=" "><subfield code="a">Kahukura</subfield></datafield><datafield tag="450" ind1=" " ind2=" "><subfield code="a">Cloaks, Feathered</subfield></datafield><datafield tag="450" ind1=" " ind2=" "><subfield code="a">Feathered cloaks</subfield></datafield><datafield tag="550" ind1=" " ind2=" "><subfield code="w">g</subfield><subfield code="a">Whatu kākahu</subfield></datafield><datafield tag="680" ind1=" " ind2=" "><subfield code="i">Whakamārama: He kākahu whero te kahukura e whatu mai ana i ngā raukura me ngā muka e tā ana ki te kokowai.</subfield></datafield><datafield tag="680" ind1=" " ind2=" "><subfield code="i">Scope Note: A red-ochre feathered cloak.</subfield></datafield></record>