<record><leader>00000nz  a2200000n  4500</leader><controlfield tag="001">2842</controlfield><controlfield tag="003">NzReo</controlfield><controlfield tag="008">091027 n anznnbab|          || ana      </controlfield><datafield tag="040" ind1=" " ind2=" "><subfield code="a">Nz</subfield><subfield code="c">Nz</subfield><subfield code="f">reo</subfield></datafield><datafield tag="150" ind1=" " ind2=" "><subfield code="a">Kahungatanga</subfield></datafield><datafield tag="450" ind1=" " ind2=" "><subfield code="a">Addictions</subfield></datafield><datafield tag="550" ind1=" " ind2=" "><subfield code="w">g</subfield><subfield code="a">Mate rerekē</subfield></datafield><datafield tag="550" ind1=" " ind2=" "><subfield code="w">h</subfield><subfield code="a">Haurangitanga</subfield></datafield><datafield tag="550" ind1=" " ind2=" "><subfield code="w">h</subfield><subfield code="a">Kai paipa</subfield></datafield><datafield tag="550" ind1=" " ind2=" "><subfield code="w">h</subfield><subfield code="a">Petipeti</subfield></datafield><datafield tag="550" ind1=" " ind2=" "><subfield code="w">h</subfield><subfield code="a">Rongoā whakairangi</subfield></datafield><datafield tag="680" ind1=" " ind2=" "><subfield code="i">Whakamārama: Ka tino ātete, ā, ka whakamauru hoki te tangata ki ngā mea rironga tūturu o te ora.</subfield></datafield><datafield tag="680" ind1=" " ind2=" "><subfield code="i">Scope Note: Being abnormally tolerant to and dependent on something that is psychologically or physically habit-forming (especially alcohol or narcotic drugs). See narrower terms for specific addictions, e.g. smoking, gambling, alcoholism, drug abuse.</subfield></datafield></record>