<record><leader>00000nz  a2200000n  4500</leader><controlfield tag="001">581</controlfield><controlfield tag="003">NzReo</controlfield><controlfield tag="008">050629 n anznnbab|          || ana      </controlfield><datafield tag="040" ind1=" " ind2=" "><subfield code="a">Nz</subfield><subfield code="c">Nz</subfield><subfield code="f">reo</subfield></datafield><datafield tag="150" ind1=" " ind2=" "><subfield code="a">Kahutoi</subfield></datafield><datafield tag="450" ind1=" " ind2=" "><subfield code="a">Cloaks, Protective</subfield></datafield><datafield tag="450" ind1=" " ind2=" "><subfield code="a">Protective cloaks</subfield></datafield><datafield tag="550" ind1=" " ind2=" "><subfield code="w">g</subfield><subfield code="a">Pureke</subfield></datafield><datafield tag="680" ind1=" " ind2=" "><subfield code="i">Whakamārama: He kākahu whawhai.</subfield></datafield><datafield tag="680" ind1=" " ind2=" "><subfield code="i">Scope Note: A cloak worn in warfare.</subfield></datafield></record>