<record><leader>00000nz  a2200000n  4500</leader><controlfield tag="001">788</controlfield><controlfield tag="003">NzReo</controlfield><controlfield tag="008">050825 n anznnbab|          || ana      </controlfield><datafield tag="040" ind1=" " ind2=" "><subfield code="a">Nz</subfield><subfield code="c">Nz</subfield><subfield code="f">reo</subfield></datafield><datafield tag="150" ind1=" " ind2=" "><subfield code="a">Kai</subfield></datafield><datafield tag="450" ind1=" " ind2=" "><subfield code="a">Food</subfield></datafield><datafield tag="550" ind1=" " ind2=" "><subfield code="a">Hākari</subfield></datafield><datafield tag="550" ind1=" " ind2=" "><subfield code="a">Hauhake</subfield></datafield><datafield tag="550" ind1=" " ind2=" "><subfield code="a">Haumie-Tiketike</subfield></datafield><datafield tag="550" ind1=" " ind2=" "><subfield code="a">Kai tōtika</subfield></datafield><datafield tag="550" ind1=" " ind2=" "><subfield code="a">Kete kohi kai</subfield></datafield><datafield tag="550" ind1=" " ind2=" "><subfield code="a">Mahinga kai o te whenua</subfield></datafield><datafield tag="550" ind1=" " ind2=" "><subfield code="a">Rongomatāne</subfield></datafield><datafield tag="550" ind1=" " ind2=" "><subfield code="a">Tangaroa</subfield></datafield><datafield tag="550" ind1=" " ind2=" "><subfield code="w">g</subfield><subfield code="a">Pūtaiao</subfield></datafield><datafield tag="550" ind1=" " ind2=" "><subfield code="w">h</subfield><subfield code="a">Hangarau kai</subfield></datafield><datafield tag="550" ind1=" " ind2=" "><subfield code="w">h</subfield><subfield code="a">Hua manu</subfield></datafield><datafield tag="550" ind1=" " ind2=" "><subfield code="w">h</subfield><subfield code="a">Hua rākau</subfield></datafield><datafield tag="550" ind1=" " ind2=" "><subfield code="w">h</subfield><subfield code="a">Hua whenua</subfield></datafield><datafield tag="550" ind1=" " ind2=" "><subfield code="w">h</subfield><subfield code="a">Kaimoana</subfield></datafield><datafield tag="550" ind1=" " ind2=" "><subfield code="w">h</subfield><subfield code="a">Kīnaki</subfield></datafield><datafield tag="550" ind1=" " ind2=" "><subfield code="w">h</subfield><subfield code="a">Pia</subfield></datafield><datafield tag="550" ind1=" " ind2=" "><subfield code="w">h</subfield><subfield code="a">Pikopiko (Kai)</subfield></datafield><datafield tag="550" ind1=" " ind2=" "><subfield code="w">h</subfield><subfield code="a">Rokiroki kai</subfield></datafield><datafield tag="550" ind1=" " ind2=" "><subfield code="w">h</subfield><subfield code="a">Tunu kai</subfield></datafield><datafield tag="550" ind1=" " ind2=" "><subfield code="w">h</subfield><subfield code="a">Wai honga</subfield></datafield><datafield tag="680" ind1=" " ind2=" "><subfield code="i">Whakamārama: Ko ngā momo kai Māori katoa.</subfield></datafield><datafield tag="680" ind1=" " ind2=" "><subfield code="i">Scope Note: All kinds of food.</subfield></datafield></record>