<record><leader>00000nz  a2200000n  4500</leader><controlfield tag="001">1196</controlfield><controlfield tag="003">NzReo</controlfield><controlfield tag="008">060331 n anznnbab|          || ana      </controlfield><datafield tag="040" ind1=" " ind2=" "><subfield code="a">Nz</subfield><subfield code="c">Nz</subfield><subfield code="f">reo</subfield></datafield><datafield tag="150" ind1=" " ind2=" "><subfield code="a">Kai whakamara</subfield></datafield><datafield tag="450" ind1=" " ind2=" "><subfield code="a">Tutu</subfield></datafield><datafield tag="550" ind1=" " ind2=" "><subfield code="a">Toroī</subfield></datafield><datafield tag="550" ind1=" " ind2=" "><subfield code="w">g</subfield><subfield code="a">Tunu kai</subfield></datafield><datafield tag="550" ind1=" " ind2=" "><subfield code="w">h</subfield><subfield code="a">Kōura mara</subfield></datafield><datafield tag="680" ind1=" " ind2=" "><subfield code="i">Whakamārama: He kōura e tutua ana ki te waimaori, kia mara, ka kai ai.</subfield></datafield><datafield tag="680" ind1=" " ind2=" "><subfield code="i">Scope Note: Foods prepared for eating by steeping in water to soften them.</subfield></datafield></record>