<record><leader>00000nz  a2200000n  4500</leader><controlfield tag="001">365</controlfield><controlfield tag="003">NzReo</controlfield><controlfield tag="008">050506 n anznnbab|          || ana      </controlfield><datafield tag="040" ind1=" " ind2=" "><subfield code="a">Nz</subfield><subfield code="c">Nz</subfield><subfield code="f">reo</subfield></datafield><datafield tag="150" ind1=" " ind2=" "><subfield code="a">Kaiahi</subfield></datafield><datafield tag="550" ind1=" " ind2=" "><subfield code="a">Kāraho</subfield></datafield><datafield tag="550" ind1=" " ind2=" "><subfield code="w">g</subfield><subfield code="a">Waka</subfield></datafield><datafield tag="680" ind1=" " ind2=" "><subfield code="i">Whakamārama: Ko ngā papa piri ki ngā taha o te waka, hei whakamaunga atu i te kāraho.</subfield></datafield><datafield tag="680" ind1=" " ind2=" "><subfield code="i">Scope Note: The inside stringers of a canoe, to which the kāraho/floor was attached.</subfield></datafield></record>