<record><leader>00000nz  a2200000n  4500</leader><controlfield tag="001">3425</controlfield><controlfield tag="003">NzReo</controlfield><controlfield tag="008">101221 n anznnbab|          || ana      </controlfield><datafield tag="040" ind1=" " ind2=" "><subfield code="a">Nz</subfield><subfield code="c">Nz</subfield><subfield code="f">reo</subfield></datafield><datafield tag="150" ind1=" " ind2=" "><subfield code="a">Kaiako</subfield></datafield><datafield tag="450" ind1=" " ind2=" "><subfield code="a">Kaiwhakaako</subfield></datafield><datafield tag="450" ind1=" " ind2=" "><subfield code="a">Kura mahita</subfield></datafield><datafield tag="450" ind1=" " ind2=" "><subfield code="a">Pouako</subfield></datafield><datafield tag="450" ind1=" " ind2=" "><subfield code="a">Coaches</subfield></datafield><datafield tag="450" ind1=" " ind2=" "><subfield code="a">Educators</subfield></datafield><datafield tag="450" ind1=" " ind2=" "><subfield code="a">Mentors</subfield></datafield><datafield tag="450" ind1=" " ind2=" "><subfield code="a">Teachers (Contemporary)</subfield></datafield><datafield tag="550" ind1=" " ind2=" "><subfield code="a">Māmā</subfield></datafield><datafield tag="550" ind1=" " ind2=" "><subfield code="a">Māramatanga</subfield></datafield><datafield tag="550" ind1=" " ind2=" "><subfield code="a">Pāpā</subfield></datafield><datafield tag="550" ind1=" " ind2=" "><subfield code="a">Tohunga</subfield></datafield><datafield tag="550" ind1=" " ind2=" "><subfield code="w">g</subfield><subfield code="a">Ako</subfield></datafield><datafield tag="550" ind1=" " ind2=" "><subfield code="w">g</subfield><subfield code="a">Waihanga</subfield></datafield><datafield tag="550" ind1=" " ind2=" "><subfield code="w">h</subfield><subfield code="a">Aratohu mā te pouako</subfield></datafield><datafield tag="680" ind1=" " ind2=" "><subfield code="i">Whakamārama: He tangata ko tāna mahi, he āta whāngai i te tauira ki te mātauranga.</subfield></datafield><datafield tag="680" ind1=" " ind2=" "><subfield code="i">Scope Note: Teachers, coaches, advisors, mentors, etc. See also: Tohunga (Teachers (Traditional)).</subfield></datafield></record>