<record><leader>00000nz  a2200000n  4500</leader><controlfield tag="001">4384</controlfield><controlfield tag="003">NzReo</controlfield><controlfield tag="008">140904 n anznnbab|          || ana      </controlfield><datafield tag="040" ind1=" " ind2=" "><subfield code="a">Nz</subfield><subfield code="c">Nz</subfield><subfield code="f">reo</subfield></datafield><datafield tag="150" ind1=" " ind2=" "><subfield code="a">Kaiārahi</subfield></datafield><datafield tag="450" ind1=" " ind2=" "><subfield code="a">Kaiwhakaatu</subfield></datafield><datafield tag="450" ind1=" " ind2=" "><subfield code="a">Guides</subfield></datafield><datafield tag="550" ind1=" " ind2=" "><subfield code="a">Rangatira</subfield></datafield><datafield tag="550" ind1=" " ind2=" "><subfield code="w">g</subfield><subfield code="a">Ahumahi</subfield></datafield><datafield tag="550" ind1=" " ind2=" "><subfield code="w">g</subfield><subfield code="a">Tāpoi</subfield></datafield><datafield tag="680" ind1=" " ind2=" "><subfield code="i">Scope Note: Includes guides in the areas of tourism, business, and the arts.</subfield></datafield></record>