<record><leader>00000nz  a2200000n  4500</leader><controlfield tag="001">3583</controlfield><controlfield tag="003">NzReo</controlfield><controlfield tag="008">110603 n anznnbab|          || ana      </controlfield><datafield tag="040" ind1=" " ind2=" "><subfield code="a">Nz</subfield><subfield code="c">Nz</subfield><subfield code="f">reo</subfield></datafield><datafield tag="150" ind1=" " ind2=" "><subfield code="a">Kaihoahoa whare</subfield></datafield><datafield tag="450" ind1=" " ind2=" "><subfield code="a">Building designers</subfield></datafield><datafield tag="450" ind1=" " ind2=" "><subfield code="a">Designers, Building</subfield></datafield><datafield tag="550" ind1=" " ind2=" "><subfield code="a">Hunga mahi toi</subfield></datafield><datafield tag="550" ind1=" " ind2=" "><subfield code="a">Tohunga</subfield></datafield><datafield tag="550" ind1=" " ind2=" "><subfield code="w">g</subfield><subfield code="a">Whare</subfield></datafield></record>