<record><leader>00000nz  a2200000n  4500</leader><controlfield tag="001">4337</controlfield><controlfield tag="003">NzReo</controlfield><controlfield tag="008">140902 n anznnbab|          || ana      </controlfield><datafield tag="040" ind1=" " ind2=" "><subfield code="a">Nz</subfield><subfield code="c">Nz</subfield><subfield code="f">reo</subfield></datafield><datafield tag="150" ind1=" " ind2=" "><subfield code="a">Kāika nohoaka</subfield></datafield><datafield tag="450" ind1=" " ind2=" "><subfield code="a">Kāinga nohoanga</subfield></datafield><datafield tag="450" ind1=" " ind2=" "><subfield code="a">Campsites, Semi-permanent</subfield></datafield><datafield tag="450" ind1=" " ind2=" "><subfield code="a">Seasonal sites</subfield></datafield><datafield tag="450" ind1=" " ind2=" "><subfield code="a">Semi-permanent campsites</subfield></datafield><datafield tag="450" ind1=" " ind2=" "><subfield code="a">Sites, Seasonal</subfield></datafield><datafield tag="550" ind1=" " ind2=" "><subfield code="a">Mahinga kai o te wai</subfield></datafield><datafield tag="550" ind1=" " ind2=" "><subfield code="a">Mahinga kai o te whenua</subfield></datafield><datafield tag="550" ind1=" " ind2=" "><subfield code="w">g</subfield><subfield code="a">Mana whenua</subfield></datafield><datafield tag="680" ind1=" " ind2=" "><subfield code="i">Whakamārama: He wāhi hei nohoaka mahika kai ki te rohe o te iwi ō Kāi Tahu.</subfield></datafield><datafield tag="680" ind1=" " ind2=" "><subfield code="i">Scope Note: Seasonal sites and semi-permanent campsites as used by Kāi Tahu.</subfield></datafield></record>