<record><leader>00000nz  a2200000n  4500</leader><controlfield tag="001">1965</controlfield><controlfield tag="003">NzReo</controlfield><controlfield tag="008">060524 n anznnbab|          || ana      </controlfield><datafield tag="040" ind1=" " ind2=" "><subfield code="a">Nz</subfield><subfield code="c">Nz</subfield><subfield code="f">reo</subfield></datafield><datafield tag="150" ind1=" " ind2=" "><subfield code="a">Kaikōmako</subfield></datafield><datafield tag="450" ind1=" " ind2=" "><subfield code="a">Kahikōmako</subfield></datafield><datafield tag="550" ind1=" " ind2=" "><subfield code="w">g</subfield><subfield code="a">Rākau whakaruruhau</subfield></datafield><datafield tag="680" ind1=" " ind2=" "><subfield code="i">Whakamārama: He rākau whāiti noa te tupu. He mā, he kakara ngā pua, he pango ngā hua rākau. He tino kai nā te korimako.</subfield></datafield><datafield tag="680" ind1=" " ind2=" "><subfield code="i">Scope Note: A slender tree with fragrant white flowers and black fruit which are the favourite food of the korimako/bellbird. The wood was used with māhoe for making fires. Pennantia corymbosa.</subfield></datafield></record>