<record><leader>00000nz  a2200000n  4500</leader><controlfield tag="001">115</controlfield><controlfield tag="003">NzReo</controlfield><controlfield tag="008">060530 n anznnbab|          || ana      </controlfield><datafield tag="040" ind1=" " ind2=" "><subfield code="a">Nz</subfield><subfield code="c">Nz</subfield><subfield code="f">reo</subfield></datafield><datafield tag="150" ind1=" " ind2=" "><subfield code="a">Kaimoana</subfield></datafield><datafield tag="450" ind1=" " ind2=" "><subfield code="a">Kai moana</subfield></datafield><datafield tag="450" ind1=" " ind2=" "><subfield code="a">Kōtare moana</subfield></datafield><datafield tag="450" ind1=" " ind2=" "><subfield code="a">Seafoods</subfield></datafield><datafield tag="550" ind1=" " ind2=" "><subfield code="a">Hī ika</subfield></datafield><datafield tag="550" ind1=" " ind2=" "><subfield code="a">Kete kohi kai moana</subfield></datafield><datafield tag="550" ind1=" " ind2=" "><subfield code="a">Kina</subfield></datafield><datafield tag="550" ind1=" " ind2=" "><subfield code="a">Kōura</subfield></datafield><datafield tag="550" ind1=" " ind2=" "><subfield code="a">Mahinga kai o te wai</subfield></datafield><datafield tag="550" ind1=" " ind2=" "><subfield code="a">Pāpaka</subfield></datafield><datafield tag="550" ind1=" " ind2=" "><subfield code="a">Pāua</subfield></datafield><datafield tag="550" ind1=" " ind2=" "><subfield code="a">Pipi</subfield></datafield><datafield tag="550" ind1=" " ind2=" "><subfield code="a">Tangaroa</subfield></datafield><datafield tag="550" ind1=" " ind2=" "><subfield code="a">Tio</subfield></datafield><datafield tag="550" ind1=" " ind2=" "><subfield code="a">Tipa</subfield></datafield><datafield tag="550" ind1=" " ind2=" "><subfield code="w">g</subfield><subfield code="a">Kai</subfield></datafield><datafield tag="680" ind1=" " ind2=" "><subfield code="i">Whakamārama: Ko ngā momo kai katoa o te moana.</subfield></datafield><datafield tag="680" ind1=" " ind2=" "><subfield code="i">Scope Note: Food harvested from the sea.</subfield></datafield></record>