<record><leader>00000nz  a2200000n  4500</leader><controlfield tag="001">737</controlfield><controlfield tag="003">NzReo</controlfield><controlfield tag="008">050825 n anznnbab|          || ana      </controlfield><datafield tag="040" ind1=" " ind2=" "><subfield code="a">Nz</subfield><subfield code="c">Nz</subfield><subfield code="f">reo</subfield></datafield><datafield tag="150" ind1=" " ind2=" "><subfield code="a">Kaioraora</subfield></datafield><datafield tag="450" ind1=" " ind2=" "><subfield code="a">Defiant songs</subfield></datafield><datafield tag="450" ind1=" " ind2=" "><subfield code="a">Songs, Defiant</subfield></datafield><datafield tag="550" ind1=" " ind2=" "><subfield code="a">Haka</subfield></datafield><datafield tag="550" ind1=" " ind2=" "><subfield code="a">Pātere</subfield></datafield><datafield tag="680" ind1=" " ind2=" "><subfield code="i">Whakamārama: Ngā waiata hanihani i titoa e ngā wāhine.</subfield></datafield><datafield tag="680" ind1=" " ind2=" "><subfield code="i">Scope Note: Songs of defiance and retaliation mostly composed by women.</subfield></datafield></record>