<record><leader>00000nz  a2200000n  4500</leader><controlfield tag="001">4315</controlfield><controlfield tag="003">NzReo</controlfield><controlfield tag="008">140902 n anznnbab|          || ana      </controlfield><datafield tag="040" ind1=" " ind2=" "><subfield code="a">Nz</subfield><subfield code="c">Nz</subfield><subfield code="f">reo</subfield></datafield><datafield tag="150" ind1=" " ind2=" "><subfield code="a">Kaipeita</subfield></datafield><datafield tag="450" ind1=" " ind2=" "><subfield code="a">Pū tuhi</subfield></datafield><datafield tag="450" ind1=" " ind2=" "><subfield code="a">Ringa rehu</subfield></datafield><datafield tag="450" ind1=" " ind2=" "><subfield code="a">Tohunga tā whakaahua</subfield></datafield><datafield tag="450" ind1=" " ind2=" "><subfield code="a">Painters (Artists)</subfield></datafield><datafield tag="550" ind1=" " ind2=" "><subfield code="w">g</subfield><subfield code="a">Hunga mahi toi</subfield></datafield><datafield tag="680" ind1=" " ind2=" "><subfield code="i">Scope Note: Artists who work in the general area of paint. Includes all different forms and techniques of painting.</subfield></datafield></record>