<record><leader>00000nz  a2200000n  4500</leader><controlfield tag="001">4408</controlfield><controlfield tag="003">NzReo</controlfield><controlfield tag="008">140904 n anznnbab|          || ana      </controlfield><datafield tag="040" ind1=" " ind2=" "><subfield code="a">Nz</subfield><subfield code="c">Nz</subfield><subfield code="f">reo</subfield></datafield><datafield tag="150" ind1=" " ind2=" "><subfield code="a">Kaitangata</subfield></datafield><datafield tag="450" ind1=" " ind2=" "><subfield code="a">Cannibalism</subfield></datafield><datafield tag="550" ind1=" " ind2=" "><subfield code="a">Mana</subfield></datafield><datafield tag="550" ind1=" " ind2=" "><subfield code="a">Pakanga</subfield></datafield><datafield tag="550" ind1=" " ind2=" "><subfield code="a">Tapu</subfield></datafield><datafield tag="550" ind1=" " ind2=" "><subfield code="a">Tikanga</subfield></datafield><datafield tag="550" ind1=" " ind2=" "><subfield code="w">g</subfield><subfield code="a">Ritenga</subfield></datafield><datafield tag="550" ind1=" " ind2=" "><subfield code="w">g</subfield><subfield code="a">Tāngata</subfield></datafield></record>