<record><leader>00000nz  a2200000n  4500</leader><controlfield tag="001">3625</controlfield><controlfield tag="003">NzReo</controlfield><controlfield tag="008">110603 n anznnbab|          || ana      </controlfield><datafield tag="040" ind1=" " ind2=" "><subfield code="a">Nz</subfield><subfield code="c">Nz</subfield><subfield code="f">reo</subfield></datafield><datafield tag="150" ind1=" " ind2=" "><subfield code="a">Kaitiaki (Whenua)</subfield></datafield><datafield tag="450" ind1=" " ind2=" "><subfield code="a">Kaitieki</subfield></datafield><datafield tag="450" ind1=" " ind2=" "><subfield code="a">Land trusts</subfield></datafield><datafield tag="450" ind1=" " ind2=" "><subfield code="a">Trustees of Māori land</subfield></datafield><datafield tag="450" ind1=" " ind2=" "><subfield code="a">Trusts, Land</subfield></datafield><datafield tag="550" ind1=" " ind2=" "><subfield code="a">Rōpū Māori</subfield></datafield><datafield tag="550" ind1=" " ind2=" "><subfield code="a">Rūnanga ā-iwi</subfield></datafield><datafield tag="550" ind1=" " ind2=" "><subfield code="a">Whenua</subfield></datafield><datafield tag="550" ind1=" " ind2=" "><subfield code="w">g</subfield><subfield code="a">Kaitiakitanga</subfield></datafield><datafield tag="550" ind1=" " ind2=" "><subfield code="w">g</subfield><subfield code="a">Mana whakahaere</subfield></datafield><datafield tag="680" ind1=" " ind2=" "><subfield code="i">Whakamārama: He tangata whai mana ki te whakahaere i ngā kāinga tipu, i ngā whenua o ngā kaipupuri, ngā kaiwhiwhi hua. Ko te kaitiaki ka huri hei kaipupuri whenua i raro i te ture mēnā ka rēhitatia tōna ingoa ki te taha o te taitara.</subfield></datafield><datafield tag="680" ind1=" " ind2=" "><subfield code="i">Scope Note: Persons bound to deal with property on behalf of owners or beneficiaries of Māori land. Trustees become legal owners when the order appointing him/her as trustee for the land is registered against the title. Use for works about trusteeship of Māori land, or trustees of Māori land.</subfield></datafield></record>