<record><leader>00000nz  a2200000n  4500</leader><controlfield tag="001">470</controlfield><controlfield tag="003">NzReo</controlfield><controlfield tag="008">050624 n anznnbab|          || ana      </controlfield><datafield tag="040" ind1=" " ind2=" "><subfield code="a">Nz</subfield><subfield code="c">Nz</subfield><subfield code="f">reo</subfield></datafield><datafield tag="150" ind1=" " ind2=" "><subfield code="a">Kaitiakitanga</subfield></datafield><datafield tag="450" ind1=" " ind2=" "><subfield code="a">Conservation of natural resources</subfield></datafield><datafield tag="450" ind1=" " ind2=" "><subfield code="a">Customary rights</subfield></datafield><datafield tag="450" ind1=" " ind2=" "><subfield code="a">Land stewardship</subfield></datafield><datafield tag="450" ind1=" " ind2=" "><subfield code="a">Rights, Customary</subfield></datafield><datafield tag="450" ind1=" " ind2=" "><subfield code="a">Stewardship, Land</subfield></datafield><datafield tag="550" ind1=" " ind2=" "><subfield code="a">Ahi kā</subfield></datafield><datafield tag="550" ind1=" " ind2=" "><subfield code="a">Mana whenua</subfield></datafield><datafield tag="550" ind1=" " ind2=" "><subfield code="a">Papakāinga</subfield></datafield><datafield tag="550" ind1=" " ind2=" "><subfield code="a">Taniwha</subfield></datafield><datafield tag="550" ind1=" " ind2=" "><subfield code="a">Whanake taiao</subfield></datafield><datafield tag="550" ind1=" " ind2=" "><subfield code="a">Whenua rāhui</subfield></datafield><datafield tag="550" ind1=" " ind2=" "><subfield code="w">g</subfield><subfield code="a">Tikanga tuku iho</subfield></datafield><datafield tag="550" ind1=" " ind2=" "><subfield code="w">h</subfield><subfield code="a">Kaitiaki (Whenua)</subfield></datafield><datafield tag="550" ind1=" " ind2=" "><subfield code="w">h</subfield><subfield code="a">Mana o te wai</subfield></datafield><datafield tag="680" ind1=" " ind2=" "><subfield code="i">Whakamārama: Ko te tangata whenua te mana o te whenua e tiaki ana.</subfield></datafield><datafield tag="680" ind1=" " ind2=" "><subfield code="i">Scope Note: The exercise of stewardship by the tangata whenua/indigenous people of an area in accordance with tikanga Māori/Māori custom in relation to natural and physical resources. Used in the Resource Management Act and Foreshore and Seabed Act.</subfield></datafield></record>