<record><leader>00000nz  a2200000n  4500</leader><controlfield tag="001">702</controlfield><controlfield tag="003">NzReo</controlfield><controlfield tag="008">050719 n anznnbab|          || ana      </controlfield><datafield tag="040" ind1=" " ind2=" "><subfield code="a">Nz</subfield><subfield code="c">Nz</subfield><subfield code="f">reo</subfield></datafield><datafield tag="150" ind1=" " ind2=" "><subfield code="a">Kaitōrangapū</subfield></datafield><datafield tag="450" ind1=" " ind2=" "><subfield code="a">Politicians</subfield></datafield><datafield tag="550" ind1=" " ind2=" "><subfield code="a">Kōwhiringa pōti</subfield></datafield><datafield tag="550" ind1=" " ind2=" "><subfield code="a">Mema Pāremata</subfield></datafield><datafield tag="550" ind1=" " ind2=" "><subfield code="a">Pāremata</subfield></datafield><datafield tag="550" ind1=" " ind2=" "><subfield code="w">g</subfield><subfield code="a">Kāwanatanga</subfield></datafield><datafield tag="680" ind1=" " ind2=" "><subfield code="i">Whakamārama: Ko te hunga tōrangapū o te iwi whānui hei māngai mō tātou.</subfield></datafield><datafield tag="680" ind1=" " ind2=" "><subfield code="i">Scope Note: For works about Politicians. See also: Mema Pāremata (Members of Parliament).</subfield></datafield></record>