<record><leader>00000nz  a2200000n  4500</leader><controlfield tag="001">3214</controlfield><controlfield tag="003">NzReo</controlfield><controlfield tag="008">101018 n anznnbab|          || ana      </controlfield><datafield tag="040" ind1=" " ind2=" "><subfield code="a">Nz</subfield><subfield code="c">Nz</subfield><subfield code="f">reo</subfield></datafield><datafield tag="150" ind1=" " ind2=" "><subfield code="a">Kaitūao</subfield></datafield><datafield tag="450" ind1=" " ind2=" "><subfield code="a">Voluntary workers</subfield></datafield><datafield tag="450" ind1=" " ind2=" "><subfield code="a">Volunteers</subfield></datafield><datafield tag="450" ind1=" " ind2=" "><subfield code="a">Workers, Voluntary</subfield></datafield><datafield tag="550" ind1=" " ind2=" "><subfield code="w">g</subfield><subfield code="a">Mahi tūao</subfield></datafield><datafield tag="550" ind1=" " ind2=" "><subfield code="w">h</subfield><subfield code="a">Ringawera</subfield></datafield></record>