<record><leader>00000nz  a2200000n  4500</leader><controlfield tag="001">3107</controlfield><controlfield tag="003">NzReo</controlfield><controlfield tag="008">100720 n anznnbab|          || ana      </controlfield><datafield tag="040" ind1=" " ind2=" "><subfield code="a">Nz</subfield><subfield code="c">Nz</subfield><subfield code="f">reo</subfield></datafield><datafield tag="150" ind1=" " ind2=" "><subfield code="a">Kaiuru</subfield></datafield><datafield tag="450" ind1=" " ind2=" "><subfield code="a">Participants</subfield></datafield><datafield tag="450" ind1=" " ind2=" "><subfield code="a">Sports players (Participants)</subfield></datafield><datafield tag="550" ind1=" " ind2=" "><subfield code="a">Kaiwhakataetae</subfield></datafield><datafield tag="550" ind1=" " ind2=" "><subfield code="w">g</subfield><subfield code="a">Taumāhekeheke</subfield></datafield><datafield tag="680" ind1=" " ind2=" "><subfield code="i">Scope Note: Use for participants in recreational activities.</subfield></datafield></record>