<record><leader>00000nz  a2200000n  4500</leader><controlfield tag="001">3413</controlfield><controlfield tag="003">NzReo</controlfield><controlfield tag="008">101221 n anznnbab|          || ana      </controlfield><datafield tag="040" ind1=" " ind2=" "><subfield code="a">Nz</subfield><subfield code="c">Nz</subfield><subfield code="f">reo</subfield></datafield><datafield tag="150" ind1=" " ind2=" "><subfield code="a">Kaiwaiata</subfield></datafield><datafield tag="450" ind1=" " ind2=" "><subfield code="a">Manu tīoriori</subfield></datafield><datafield tag="450" ind1=" " ind2=" "><subfield code="a">Singers</subfield></datafield><datafield tag="450" ind1=" " ind2=" "><subfield code="a">Vocalists</subfield></datafield><datafield tag="550" ind1=" " ind2=" "><subfield code="a">Kaiwhakatangi</subfield></datafield><datafield tag="550" ind1=" " ind2=" "><subfield code="w">g</subfield><subfield code="a">Hunga mahi toi</subfield></datafield><datafield tag="550" ind1=" " ind2=" "><subfield code="w">g</subfield><subfield code="a">Kaiwhakangahau</subfield></datafield><datafield tag="550" ind1=" " ind2=" "><subfield code="w">g</subfield><subfield code="a">Waiata</subfield></datafield></record>