<record><leader>00000nz  a2200000n  4500</leader><controlfield tag="001">4562</controlfield><controlfield tag="003">NzReo</controlfield><controlfield tag="008">150707 n anznnbab|          || ana      </controlfield><datafield tag="040" ind1=" " ind2=" "><subfield code="a">Nz</subfield><subfield code="c">Nz</subfield><subfield code="f">reo</subfield></datafield><datafield tag="150" ind1=" " ind2=" "><subfield code="a">Kaiwawao</subfield></datafield><datafield tag="450" ind1=" " ind2=" "><subfield code="a">Counsels, Defence</subfield></datafield><datafield tag="450" ind1=" " ind2=" "><subfield code="a">Defence counsels</subfield></datafield><datafield tag="450" ind1=" " ind2=" "><subfield code="a">Defence lawyers</subfield></datafield><datafield tag="450" ind1=" " ind2=" "><subfield code="a">Lawyers, Defence</subfield></datafield><datafield tag="550" ind1=" " ind2=" "><subfield code="w">g</subfield><subfield code="a">Rōia</subfield></datafield><datafield tag="680" ind1=" " ind2=" "><subfield code="i">Whakamārama: Ka hiahia hoki te kaiwawao kia rongo ia ngā kōrero a ngā kaiwhakaatu hei whakaū i ngā tika o te tautohe.</subfield></datafield></record>