<record><leader>00000nz  a2200000n  4500</leader><controlfield tag="001">3408</controlfield><controlfield tag="003">NzReo</controlfield><controlfield tag="008">101221 n anznnbab|          || ana      </controlfield><datafield tag="040" ind1=" " ind2=" "><subfield code="a">Nz</subfield><subfield code="c">Nz</subfield><subfield code="f">reo</subfield></datafield><datafield tag="150" ind1=" " ind2=" "><subfield code="a">Kaiwhakaari</subfield></datafield><datafield tag="450" ind1=" " ind2=" "><subfield code="a">Kaiwhakaatu</subfield></datafield><datafield tag="450" ind1=" " ind2=" "><subfield code="a">Kaiwhakatū</subfield></datafield><datafield tag="450" ind1=" " ind2=" "><subfield code="a">Actors</subfield></datafield><datafield tag="450" ind1=" " ind2=" "><subfield code="a">Performers</subfield></datafield><datafield tag="550" ind1=" " ind2=" "><subfield code="a">Kiriata</subfield></datafield><datafield tag="550" ind1=" " ind2=" "><subfield code="a">Pouaka whakaata</subfield></datafield><datafield tag="550" ind1=" " ind2=" "><subfield code="a">Reo irirangi</subfield></datafield><datafield tag="550" ind1=" " ind2=" "><subfield code="w">g</subfield><subfield code="a">Hunga mahi toi</subfield></datafield><datafield tag="550" ind1=" " ind2=" "><subfield code="w">g</subfield><subfield code="a">Kaiwhakangahau</subfield></datafield><datafield tag="680" ind1=" " ind2=" "><subfield code="i">Whakamārama: He tangata ko ia tētahi o ngā kiripuaki i roto i te whakaari, i te kiriata, i te whakaaturanga pouaka whakaata rānei.</subfield></datafield><datafield tag="680" ind1=" " ind2=" "><subfield code="i">Scope Note: Performers who play characters on stage, film, or television.</subfield></datafield></record>