<record><leader>00000nz  a2200000n  4500</leader><controlfield tag="001">4158</controlfield><controlfield tag="003">NzReo</controlfield><controlfield tag="008">130111 n anznnbab|          || ana      </controlfield><datafield tag="040" ind1=" " ind2=" "><subfield code="a">Nz</subfield><subfield code="c">Nz</subfield><subfield code="f">reo</subfield></datafield><datafield tag="150" ind1=" " ind2=" "><subfield code="a">Kaiwhakatangi</subfield></datafield><datafield tag="450" ind1=" " ind2=" "><subfield code="a">Musicians</subfield></datafield><datafield tag="550" ind1=" " ind2=" "><subfield code="a">Kaiwaiata</subfield></datafield><datafield tag="550" ind1=" " ind2=" "><subfield code="w">g</subfield><subfield code="a">Hunga mahi toi</subfield></datafield><datafield tag="680" ind1=" " ind2=" "><subfield code="i">Scope Note: Includes all kinds of musicians</subfield></datafield></record>