<record><leader>00000nz  a2200000n  4500</leader><controlfield tag="001">1285</controlfield><controlfield tag="003">NzReo</controlfield><controlfield tag="008">060503 n anznnbab|          || ana      </controlfield><datafield tag="040" ind1=" " ind2=" "><subfield code="a">Nz</subfield><subfield code="c">Nz</subfield><subfield code="f">reo</subfield></datafield><datafield tag="150" ind1=" " ind2=" "><subfield code="a">Kākā pōria</subfield></datafield><datafield tag="450" ind1=" " ind2=" "><subfield code="a">Adornments (Parrot leg rings)</subfield></datafield><datafield tag="450" ind1=" " ind2=" "><subfield code="a">Jewellery (Parrot leg rings)</subfield></datafield><datafield tag="550" ind1=" " ind2=" "><subfield code="w">g</subfield><subfield code="a">Whakakai</subfield></datafield><datafield tag="680" ind1=" " ind2=" "><subfield code="i">Whakamārama: He mea here ana i te waewae o te kākā: he mōkai ā he momo whakakai mo te tangata hoki.</subfield></datafield><datafield tag="680" ind1=" " ind2=" "><subfield code="i">Scope Note: A parrot leg ring of practical and ornamental use.</subfield></datafield></record>