<record><leader>00000nz  a2200000n  4500</leader><controlfield tag="001">3630</controlfield><controlfield tag="003">NzReo</controlfield><controlfield tag="008">110603 n anznnbab|          || ana      </controlfield><datafield tag="040" ind1=" " ind2=" "><subfield code="a">Nz</subfield><subfield code="c">Nz</subfield><subfield code="f">reo</subfield></datafield><datafield tag="150" ind1=" " ind2=" "><subfield code="a">Kākahi</subfield></datafield><datafield tag="450" ind1=" " ind2=" "><subfield code="a">Freshwater mussels</subfield></datafield><datafield tag="450" ind1=" " ind2=" "><subfield code="a">Mussels, Freshwater</subfield></datafield><datafield tag="550" ind1=" " ind2=" "><subfield code="a">Mātaitai</subfield></datafield><datafield tag="550" ind1=" " ind2=" "><subfield code="a">Tohi mātaitai</subfield></datafield><datafield tag="550" ind1=" " ind2=" "><subfield code="w">g</subfield><subfield code="a">Ngā uri o Tangaroa</subfield></datafield><datafield tag="680" ind1=" " ind2=" "><subfield code="i">Whakamārama: He mātaitai wai māori whai kokopi, he rapa te hanga, 10 henemita te tupu, he noho one wai māori, he anga ōriwa parauri, he kiwikiwi a roto.</subfield></datafield><datafield tag="680" ind1=" " ind2=" "><subfield code="i">Scope Note: Refers to freshwater molluscs with a flat shell, brown in colour, 10 centimeters long and found in sheltered parts of rivers and streams where the bed is sandy or silty, and in lakes. Hyridella menziesi. Not to be used for saltwater mussels.</subfield></datafield></record>