<record><leader>00000nz  a2200000n  4500</leader><controlfield tag="001">1847</controlfield><controlfield tag="003">NzReo</controlfield><controlfield tag="008">060524 n anznnbab|          || ana      </controlfield><datafield tag="040" ind1=" " ind2=" "><subfield code="a">Nz</subfield><subfield code="c">Nz</subfield><subfield code="f">reo</subfield></datafield><datafield tag="150" ind1=" " ind2=" "><subfield code="a">Kākaho</subfield></datafield><datafield tag="550" ind1=" " ind2=" "><subfield code="a">Tukutuku</subfield></datafield><datafield tag="550" ind1=" " ind2=" "><subfield code="w">g</subfield><subfield code="a">Toetoe hūnangāmoho</subfield></datafield><datafield tag="680" ind1=" " ind2=" "><subfield code="i">Whakamārama: Ko te kakau o te toetoe, tapahia ai hei kaupapa tukutuku.</subfield></datafield><datafield tag="680" ind1=" " ind2=" "><subfield code="i">Scope Note: The stem of the toetoe, used as the base for tukutuku/lattice work, etc.</subfield></datafield></record>