<record><leader>00000nz  a2200000n  4500</leader><controlfield tag="001">1312</controlfield><controlfield tag="003">NzReo</controlfield><controlfield tag="008">060511 n anznnbab|          || ana      </controlfield><datafield tag="040" ind1=" " ind2=" "><subfield code="a">Nz</subfield><subfield code="c">Nz</subfield><subfield code="f">reo</subfield></datafield><datafield tag="150" ind1=" " ind2=" "><subfield code="a">Kākāpō</subfield></datafield><datafield tag="450" ind1=" " ind2=" "><subfield code="a">Ground parrots</subfield></datafield><datafield tag="450" ind1=" " ind2=" "><subfield code="a">Parrots, Ground</subfield></datafield><datafield tag="550" ind1=" " ind2=" "><subfield code="w">g</subfield><subfield code="a">Manu ngahere</subfield></datafield><datafield tag="680" ind1=" " ind2=" "><subfield code="i">Whakamārama: He manu haerepō, tau ki te whenua, kaore e rere. Ko ngā huruhuru he kāriki kōtiwhatiwha o te tuarā, he kārikikaho o te poho.</subfield></datafield><datafield tag="680" ind1=" " ind2=" "><subfield code="i">Scope Note: A flightless nocturnal kākā with green plumage on the back and yellowish-green feathers underneath. Strigops habroptilus.</subfield></datafield></record>