<record><leader>00000nz  a2200000n  4500</leader><controlfield tag="001">2394</controlfield><controlfield tag="003">NzReo</controlfield><controlfield tag="008">060531 n anznnbab|          || ana      </controlfield><datafield tag="040" ind1=" " ind2=" "><subfield code="a">Nz</subfield><subfield code="c">Nz</subfield><subfield code="f">reo</subfield></datafield><datafield tag="150" ind1=" " ind2=" "><subfield code="a">Kākari</subfield></datafield><datafield tag="450" ind1=" " ind2=" "><subfield code="a">Taumātakitahi</subfield></datafield><datafield tag="550" ind1=" " ind2=" "><subfield code="a">Ahi marae</subfield></datafield><datafield tag="550" ind1=" " ind2=" "><subfield code="w">g</subfield><subfield code="a">Pakanga</subfield></datafield><datafield tag="680" ind1=" " ind2=" "><subfield code="i">Whakamārama: He whawhai i waenganui i ngā tāngata e rua. Mo te tokomaha he pakanga.</subfield></datafield><datafield tag="680" ind1=" " ind2=" "><subfield code="i">Scope Note: A fight between two individuals, as distinct from a general engagement.</subfield></datafield></record>