<record><leader>00000nz  a2200000n  4500</leader><controlfield tag="001">1315</controlfield><controlfield tag="003">NzReo</controlfield><controlfield tag="008">060511 n anznnbab|          || ana      </controlfield><datafield tag="040" ind1=" " ind2=" "><subfield code="a">Nz</subfield><subfield code="c">Nz</subfield><subfield code="f">reo</subfield></datafield><datafield tag="150" ind1=" " ind2=" "><subfield code="a">Kākāriki</subfield></datafield><datafield tag="450" ind1=" " ind2=" "><subfield code="a">Parakeets</subfield></datafield><datafield tag="550" ind1=" " ind2=" "><subfield code="w">g</subfield><subfield code="a">Manu ngahere</subfield></datafield><datafield tag="680" ind1=" " ind2=" "><subfield code="i">Whakamārama: Ko ngā manu itiiti, kākāriki kita. He huhua ngā momo. Ko ngā rae he karaka, he kura, he kōwhai, he aha ake.</subfield></datafield><datafield tag="680" ind1=" " ind2=" "><subfield code="i">Scope Note: A general term for small bright green parakeets. There are several kinds with differently coloured crowns. Cyanoramphus novaezelandiae.</subfield></datafield></record>