<record><leader>00000nz  a2200000n  4500</leader><controlfield tag="001">1519</controlfield><controlfield tag="003">NzReo</controlfield><controlfield tag="008">060511 n anznnbab|          || ana      </controlfield><datafield tag="040" ind1=" " ind2=" "><subfield code="a">Nz</subfield><subfield code="c">Nz</subfield><subfield code="f">reo</subfield></datafield><datafield tag="150" ind1=" " ind2=" "><subfield code="a">Kakī</subfield></datafield><datafield tag="450" ind1=" " ind2=" "><subfield code="a">Black stilts</subfield></datafield><datafield tag="450" ind1=" " ind2=" "><subfield code="a">Stilts, Black</subfield></datafield><datafield tag="550" ind1=" " ind2=" "><subfield code="w">g</subfield><subfield code="a">Manu waimāori</subfield></datafield><datafield tag="680" ind1=" " ind2=" "><subfield code="i">Whakamārama: He manu onge, itiiti noa. He rite ki te poaka te āhua. He pango katoa, engari ko ngā karu me ngā waewae he kuratea.</subfield></datafield><datafield tag="680" ind1=" " ind2=" "><subfield code="i">Scope Note: A small rare bird resembling the poaka/pied stilt but entirely black except for the pink eye and legs. Himantopus novaezealandiae.</subfield></datafield></record>