<record><leader>00000nz  a2200000n  4500</leader><controlfield tag="001">2661</controlfield><controlfield tag="003">NzReo</controlfield><controlfield tag="008">060607 n anznnbab|          || ana      </controlfield><datafield tag="040" ind1=" " ind2=" "><subfield code="a">Nz</subfield><subfield code="c">Nz</subfield><subfield code="f">reo</subfield></datafield><datafield tag="150" ind1=" " ind2=" "><subfield code="a">Kanae</subfield></datafield><datafield tag="450" ind1=" " ind2=" "><subfield code="a">Grey mullets</subfield></datafield><datafield tag="450" ind1=" " ind2=" "><subfield code="a">Mullets, Grey</subfield></datafield><datafield tag="550" ind1=" " ind2=" "><subfield code="w">g</subfield><subfield code="a">Ika o ngā ngutu awa</subfield></datafield><datafield tag="680" ind1=" " ind2=" "><subfield code="i">Whakamārama: He ika rere matatuhi i te ngutu-awa. He kōroaroa, he porotaka te tinana, he hina te kiri. He rarahi ngā ūnahi. He mawehe te takoto o ngā popoia o te tuara.</subfield></datafield><datafield tag="680" ind1=" " ind2=" "><subfield code="i">Scope Note: A grey round-bodied fish shoaling in estuaries. It has large scales and the two dorsal fins are well separated. Mugil cephalus.</subfield></datafield></record>