<record><leader>00000nz  a2200000n  4500</leader><controlfield tag="001">1131</controlfield><controlfield tag="003">NzReo</controlfield><controlfield tag="008">060331 n anznnbab|          || ana      </controlfield><datafield tag="040" ind1=" " ind2=" "><subfield code="a">Nz</subfield><subfield code="c">Nz</subfield><subfield code="f">reo</subfield></datafield><datafield tag="150" ind1=" " ind2=" "><subfield code="a">Kanga</subfield></datafield><datafield tag="450" ind1=" " ind2=" "><subfield code="a">Cursing</subfield></datafield><datafield tag="450" ind1=" " ind2=" "><subfield code="a">Swearing</subfield></datafield><datafield tag="450" ind1=" " ind2=" "><subfield code="a">Kana</subfield></datafield><datafield tag="550" ind1=" " ind2=" "><subfield code="w">g</subfield><subfield code="a">Kōrero</subfield></datafield><datafield tag="550" ind1=" " ind2=" "><subfield code="w">h</subfield><subfield code="a">Whakawetitanga</subfield></datafield><datafield tag="680" ind1=" " ind2=" "><subfield code="i">Whakamārama: He momo tuha.</subfield></datafield><datafield tag="680" ind1=" " ind2=" "><subfield code="i">Scope Note: To curse, verbally abuse or swear.</subfield></datafield></record>