<record><leader>00000nz  a2200000n  4500</leader><controlfield tag="001">4435</controlfield><controlfield tag="003">NzReo</controlfield><controlfield tag="008">150108 n anznnbab|          || ana      </controlfield><datafield tag="040" ind1=" " ind2=" "><subfield code="a">Nz</subfield><subfield code="c">Nz</subfield><subfield code="f">reo</subfield></datafield><datafield tag="150" ind1=" " ind2=" "><subfield code="a">Kānga</subfield></datafield><datafield tag="450" ind1=" " ind2=" "><subfield code="a">Kānga pirau</subfield></datafield><datafield tag="450" ind1=" " ind2=" "><subfield code="a">Kānga wai</subfield></datafield><datafield tag="450" ind1=" " ind2=" "><subfield code="a">Kānga waru</subfield></datafield><datafield tag="450" ind1=" " ind2=" "><subfield code="a">Corn</subfield></datafield><datafield tag="450" ind1=" " ind2=" "><subfield code="a">Corn, Fermented</subfield></datafield><datafield tag="450" ind1=" " ind2=" "><subfield code="a">Fermented corn</subfield></datafield><datafield tag="550" ind1=" " ind2=" "><subfield code="w">g</subfield><subfield code="a">Hua whenua</subfield></datafield><datafield tag="680" ind1=" " ind2=" "><subfield code="i">Scope Note: A general term for corn and all its uses and preparations.</subfield></datafield></record>