<record><leader>00000nz  a2200000n  4500</leader><controlfield tag="001">3821</controlfield><controlfield tag="003">NzReo</controlfield><controlfield tag="008">111215 n anznnbab|          || ana      </controlfield><datafield tag="040" ind1=" " ind2=" "><subfield code="a">Nz</subfield><subfield code="c">Nz</subfield><subfield code="f">reo</subfield></datafield><datafield tag="150" ind1=" " ind2=" "><subfield code="a">Kanikani</subfield></datafield><datafield tag="450" ind1=" " ind2=" "><subfield code="a">Dance (Contemporary, Recreational)</subfield></datafield><datafield tag="550" ind1=" " ind2=" "><subfield code="a">Hauora tinana</subfield></datafield><datafield tag="550" ind1=" " ind2=" "><subfield code="w">g</subfield><subfield code="a">Waka toi</subfield></datafield><datafield tag="680" ind1=" " ind2=" "><subfield code="i">Whakamārama: Ka mahi kia korikori ngā waewae, ngā ringa, te tinana rānei ki te manawataki o te waiata, o te pūoro.</subfield></datafield><datafield tag="680" ind1=" " ind2=" "><subfield code="i">Scope Note: Dancing for fun. Can be used to describe all types and styles of contemporary dance. Not to be used for theatrical dance performances.</subfield></datafield></record>