<record><leader>00000nz  a2200000n  4500</leader><controlfield tag="001">1652</controlfield><controlfield tag="003">NzReo</controlfield><controlfield tag="008">060524 n anznnbab|          || ana      </controlfield><datafield tag="040" ind1=" " ind2=" "><subfield code="a">Nz</subfield><subfield code="c">Nz</subfield><subfield code="f">reo</subfield></datafield><datafield tag="150" ind1=" " ind2=" "><subfield code="a">Kānuka</subfield></datafield><datafield tag="450" ind1=" " ind2=" "><subfield code="a">Mānuka rauriki</subfield></datafield><datafield tag="450" ind1=" " ind2=" "><subfield code="a">Teatrees, White</subfield></datafield><datafield tag="450" ind1=" " ind2=" "><subfield code="a">White teatrees</subfield></datafield><datafield tag="550" ind1=" " ind2=" "><subfield code="a">Mānuka</subfield></datafield><datafield tag="550" ind1=" " ind2=" "><subfield code="w">g</subfield><subfield code="a">Rākau whakaruruhau</subfield></datafield><datafield tag="680" ind1=" " ind2=" "><subfield code="i">Whakamārama: He rākau rite ki te mānuka engari rahi noa atu te tupu. He mā anō, engari he ririki ake ngā pua.</subfield></datafield><datafield tag="680" ind1=" " ind2=" "><subfield code="i">Scope Note: A tree resembling mānuka/teatree but with smaller white flowers and growing to a larger size. Kunzea ericoides.</subfield></datafield></record>