<record><leader>00000nz  a2200000n  4500</leader><controlfield tag="001">590</controlfield><controlfield tag="003">NzReo</controlfield><controlfield tag="008">050629 n anznnbab|          || ana      </controlfield><datafield tag="040" ind1=" " ind2=" "><subfield code="a">Nz</subfield><subfield code="c">Nz</subfield><subfield code="f">reo</subfield></datafield><datafield tag="150" ind1=" " ind2=" "><subfield code="a">Kapa haka</subfield></datafield><datafield tag="450" ind1=" " ind2=" "><subfield code="a">Performing arts, Competitive</subfield></datafield><datafield tag="550" ind1=" " ind2=" "><subfield code="a">Haka</subfield></datafield><datafield tag="550" ind1=" " ind2=" "><subfield code="a">Hine-Raumati</subfield></datafield><datafield tag="550" ind1=" " ind2=" "><subfield code="a">Hine-Takurua</subfield></datafield><datafield tag="550" ind1=" " ind2=" "><subfield code="a">Hunga mahi toi</subfield></datafield><datafield tag="550" ind1=" " ind2=" "><subfield code="a">Kākahu</subfield></datafield><datafield tag="550" ind1=" " ind2=" "><subfield code="a">Piupiu</subfield></datafield><datafield tag="550" ind1=" " ind2=" "><subfield code="a">Poi</subfield></datafield><datafield tag="550" ind1=" " ind2=" "><subfield code="a">Reo Māori</subfield></datafield><datafield tag="550" ind1=" " ind2=" "><subfield code="a">Tāne-Rore</subfield></datafield><datafield tag="550" ind1=" " ind2=" "><subfield code="a">Waiata</subfield></datafield><datafield tag="550" ind1=" " ind2=" "><subfield code="a">Waiata ā ringa</subfield></datafield><datafield tag="550" ind1=" " ind2=" "><subfield code="a">Whakaraka</subfield></datafield><datafield tag="550" ind1=" " ind2=" "><subfield code="w">g</subfield><subfield code="a">Waka toi</subfield></datafield><datafield tag="550" ind1=" " ind2=" "><subfield code="w">h</subfield><subfield code="a">Kapa haka whakataetae a motu</subfield></datafield><datafield tag="550" ind1=" " ind2=" "><subfield code="w">h</subfield><subfield code="a">Kapa haka whakataetae a rohe</subfield></datafield><datafield tag="550" ind1=" " ind2=" "><subfield code="w">h</subfield><subfield code="a">Super 10s whakataetae a rohe</subfield></datafield><datafield tag="550" ind1=" " ind2=" "><subfield code="w">h</subfield><subfield code="a">Super 12s whakataetae a motu</subfield></datafield><datafield tag="550" ind1=" " ind2=" "><subfield code="w">h</subfield><subfield code="a">Waiata tira</subfield></datafield><datafield tag="550" ind1=" " ind2=" "><subfield code="w">h</subfield><subfield code="a">Whakaeke</subfield></datafield><datafield tag="550" ind1=" " ind2=" "><subfield code="w">h</subfield><subfield code="a">Whakawātea</subfield></datafield><datafield tag="680" ind1=" " ind2=" "><subfield code="i">Whakamārama: He whakataetae haka, mahi ā ringa, waiata rānei a te Māori.</subfield></datafield><datafield tag="680" ind1=" " ind2=" "><subfield code="i">Scope Note: Contemporary usage: Choral/waiata tira, march on/whakaeke, action song/waiata ā ringa, march off/ whakawātea, traditional song/mōteatea, haka, poi.</subfield></datafield></record>