<record><leader>00000nz  a2200000n  4500</leader><controlfield tag="001">776</controlfield><controlfield tag="003">NzReo</controlfield><controlfield tag="008">050825 n anznnbab|          || ana      </controlfield><datafield tag="040" ind1=" " ind2=" "><subfield code="a">Nz</subfield><subfield code="c">Nz</subfield><subfield code="f">reo</subfield></datafield><datafield tag="150" ind1=" " ind2=" "><subfield code="a">Kapa haka whakataetae a motu</subfield></datafield><datafield tag="450" ind1=" " ind2=" "><subfield code="a">Kapa haka competitions, National</subfield></datafield><datafield tag="450" ind1=" " ind2=" "><subfield code="a">National kapa haka competitions</subfield></datafield><datafield tag="550" ind1=" " ind2=" "><subfield code="a">Kapa haka whakataetae a rohe</subfield></datafield><datafield tag="550" ind1=" " ind2=" "><subfield code="w">g</subfield><subfield code="a">Kapa haka</subfield></datafield><datafield tag="550" ind1=" " ind2=" "><subfield code="w">g</subfield><subfield code="a">Whakataetae</subfield></datafield><datafield tag="680" ind1=" " ind2=" "><subfield code="i">Whakamārama: He momo whakataetae mo ngā kapa haka katoa o te motu.</subfield></datafield><datafield tag="680" ind1=" " ind2=" "><subfield code="i">Scope Note: The national kapa haka competitions.</subfield></datafield></record>