<record><leader>00000nz  a2200000n  4500</leader><controlfield tag="001">1289</controlfield><controlfield tag="003">NzReo</controlfield><controlfield tag="008">060503 n anznnbab|          || ana      </controlfield><datafield tag="040" ind1=" " ind2=" "><subfield code="a">Nz</subfield><subfield code="c">Nz</subfield><subfield code="f">reo</subfield></datafield><datafield tag="150" ind1=" " ind2=" "><subfield code="a">Kapeu</subfield></datafield><datafield tag="450" ind1=" " ind2=" "><subfield code="a">Adornments (Drop pendants)</subfield></datafield><datafield tag="450" ind1=" " ind2=" "><subfield code="a">Jewellery (Drop pendants)</subfield></datafield><datafield tag="550" ind1=" " ind2=" "><subfield code="a">Pounamu</subfield></datafield><datafield tag="550" ind1=" " ind2=" "><subfield code="w">g</subfield><subfield code="a">Whakakai</subfield></datafield><datafield tag="680" ind1=" " ind2=" "><subfield code="i">Whakamārama: He momo whakakai heke iho ki te piko ki raro, hanga mai i te pounamu.</subfield></datafield><datafield tag="680" ind1=" " ind2=" "><subfield code="i">Scope Note: A drop pendant with a curved end and made of greenstone.</subfield></datafield></record>