<record><leader>00000nz  a2200000n  4500</leader><controlfield tag="001">2167</controlfield><controlfield tag="003">NzReo</controlfield><controlfield tag="008">060530 n anznnbab|          || ana      </controlfield><datafield tag="040" ind1=" " ind2=" "><subfield code="a">Nz</subfield><subfield code="c">Nz</subfield><subfield code="f">reo</subfield></datafield><datafield tag="150" ind1=" " ind2=" "><subfield code="a">Kapokapowai</subfield></datafield><datafield tag="450" ind1=" " ind2=" "><subfield code="a">Kapowai</subfield></datafield><datafield tag="450" ind1=" " ind2=" "><subfield code="a">Dragonflies</subfield></datafield><datafield tag="550" ind1=" " ind2=" "><subfield code="w">g</subfield><subfield code="a">Aitanga pepeke</subfield></datafield><datafield tag="680" ind1=" " ind2=" "><subfield code="i">Whakamārama: Ko te ingoa kārangaranga mō ngā Uri a Pēpeke kōroaroa, tūpuhipuhi ngā tinana, e whā ngā parirau angiangi.</subfield></datafield><datafield tag="680" ind1=" " ind2=" "><subfield code="i">Scope Note: A general term for dragonflies.</subfield></datafield></record>