<record><leader>00000nz  a2200000n  4500</leader><controlfield tag="001">1967</controlfield><controlfield tag="003">NzReo</controlfield><controlfield tag="008">060524 n anznnbab|          || ana      </controlfield><datafield tag="040" ind1=" " ind2=" "><subfield code="a">Nz</subfield><subfield code="c">Nz</subfield><subfield code="f">reo</subfield></datafield><datafield tag="150" ind1=" " ind2=" "><subfield code="a">Kaponga</subfield></datafield><datafield tag="450" ind1=" " ind2=" "><subfield code="a">Ponga</subfield></datafield><datafield tag="450" ind1=" " ind2=" "><subfield code="a">Ferns, Punga</subfield></datafield><datafield tag="450" ind1=" " ind2=" "><subfield code="a">Punga ferns</subfield></datafield><datafield tag="450" ind1=" " ind2=" "><subfield code="a">Silverferns (Plants)</subfield></datafield><datafield tag="550" ind1=" " ind2=" "><subfield code="w">g</subfield><subfield code="a">Rākau whakaruruhau</subfield></datafield><datafield tag="680" ind1=" " ind2=" "><subfield code="i">Whakamārama: He momo rākau. Mā tonu a waho ō ngā rauhuru.</subfield></datafield><datafield tag="680" ind1=" " ind2=" "><subfield code="i">Scope Note: A treefern with fronds conspicuously silvery white underneath. Cyathea dealbata.</subfield></datafield></record>