<record><leader>00000nz  a2200000n  4500</leader><controlfield tag="001">803</controlfield><controlfield tag="003">NzReo</controlfield><controlfield tag="008">050825 n anznnbab|          || ana      </controlfield><datafield tag="040" ind1=" " ind2=" "><subfield code="a">Nz</subfield><subfield code="c">Nz</subfield><subfield code="f">reo</subfield></datafield><datafield tag="150" ind1=" " ind2=" "><subfield code="a">Karaka</subfield></datafield><datafield tag="550" ind1=" " ind2=" "><subfield code="w">g</subfield><subfield code="a">Hua rākau</subfield></datafield><datafield tag="550" ind1=" " ind2=" "><subfield code="w">g</subfield><subfield code="a">Rākau whakaruruhau</subfield></datafield><datafield tag="680" ind1=" " ind2=" "><subfield code="i">Whakamārama: He rākau me ōna hua. Ko ngā rau he kāriki, he mōhinuhinu, he kiriuka. Kia tūpato rawa te mahi i ngā hua hei kai.</subfield></datafield><datafield tag="680" ind1=" " ind2=" "><subfield code="i">Scope Note: A coastal tree with shiny green leathery leaves and a bright orange fruit. The flesh and kernel of the fruit were used as food. Corynocarpus laevigatus.</subfield></datafield></record>