<record><leader>00000nz  a2200000n  4500</leader><controlfield tag="001">722</controlfield><controlfield tag="003">NzReo</controlfield><controlfield tag="008">050825 n anznnbab|          || ana      </controlfield><datafield tag="040" ind1=" " ind2=" "><subfield code="a">Nz</subfield><subfield code="c">Nz</subfield><subfield code="f">reo</subfield></datafield><datafield tag="150" ind1=" " ind2=" "><subfield code="a">Karakia</subfield></datafield><datafield tag="450" ind1=" " ind2=" "><subfield code="a">Chants</subfield></datafield><datafield tag="450" ind1=" " ind2=" "><subfield code="a">Incantations</subfield></datafield><datafield tag="450" ind1=" " ind2=" "><subfield code="a">Prayers (Traditional)</subfield></datafield><datafield tag="550" ind1=" " ind2=" "><subfield code="a">Atua</subfield></datafield><datafield tag="550" ind1=" " ind2=" "><subfield code="a">Inoi</subfield></datafield><datafield tag="550" ind1=" " ind2=" "><subfield code="a">Mākutu</subfield></datafield><datafield tag="550" ind1=" " ind2=" "><subfield code="a">Poi</subfield></datafield><datafield tag="550" ind1=" " ind2=" "><subfield code="a">Pōwhiri</subfield></datafield><datafield tag="550" ind1=" " ind2=" "><subfield code="a">Tapu</subfield></datafield><datafield tag="550" ind1=" " ind2=" "><subfield code="a">Tikanga</subfield></datafield><datafield tag="550" ind1=" " ind2=" "><subfield code="a">Tikanga tuku iho</subfield></datafield><datafield tag="550" ind1=" " ind2=" "><subfield code="a">Wai tapu</subfield></datafield><datafield tag="550" ind1=" " ind2=" "><subfield code="a">Whakapono</subfield></datafield><datafield tag="550" ind1=" " ind2=" "><subfield code="w">g</subfield><subfield code="a">Reo Māori</subfield></datafield><datafield tag="550" ind1=" " ind2=" "><subfield code="w">h</subfield><subfield code="a">Mata (Karakia)</subfield></datafield><datafield tag="550" ind1=" " ind2=" "><subfield code="w">h</subfield><subfield code="a">Takutaku</subfield></datafield><datafield tag="550" ind1=" " ind2=" "><subfield code="w">h</subfield><subfield code="a">Tauparapara</subfield></datafield><datafield tag="550" ind1=" " ind2=" "><subfield code="w">h</subfield><subfield code="a">Tono</subfield></datafield><datafield tag="550" ind1=" " ind2=" "><subfield code="w">h</subfield><subfield code="a">Waerea</subfield></datafield><datafield tag="680" ind1=" " ind2=" "><subfield code="i">Whakamārama: He tono, he whakawhetai na te tohunga ki ngā Atua.</subfield></datafield><datafield tag="680" ind1=" " ind2=" "><subfield code="i">Scope Note: Intoned incantations or spells. A karakia is a dialogue with the gods carried out by a tohunga/priest. Use this term in the traditional sense rather than in its contemporary Christian equivalent of prayer.</subfield></datafield></record>