<record><leader>00000nz  a2200000n  4500</leader><controlfield tag="001">1630</controlfield><controlfield tag="003">NzReo</controlfield><controlfield tag="008">060524 n anznnbab|          || ana      </controlfield><datafield tag="040" ind1=" " ind2=" "><subfield code="a">Nz</subfield><subfield code="c">Nz</subfield><subfield code="f">reo</subfield></datafield><datafield tag="150" ind1=" " ind2=" "><subfield code="a">Karamū</subfield></datafield><datafield tag="450" ind1=" " ind2=" "><subfield code="a">Kākaramū</subfield></datafield><datafield tag="450" ind1=" " ind2=" "><subfield code="a">Kakarangū</subfield></datafield><datafield tag="450" ind1=" " ind2=" "><subfield code="a">Kāramuramu</subfield></datafield><datafield tag="450" ind1=" " ind2=" "><subfield code="a">Karangū</subfield></datafield><datafield tag="450" ind1=" " ind2=" "><subfield code="a">Koromuramu</subfield></datafield><datafield tag="450" ind1=" " ind2=" "><subfield code="a">Patutiketike</subfield></datafield><datafield tag="550" ind1=" " ind2=" "><subfield code="a">Maro tūhou</subfield></datafield><datafield tag="550" ind1=" " ind2=" "><subfield code="w">g</subfield><subfield code="a">Mauwha</subfield></datafield><datafield tag="680" ind1=" " ind2=" "><subfield code="i">Whakamārama: He mauwha rite ki te taupata. He matahua ngā rau, he tini ngā hua wherowhero.</subfield></datafield><datafield tag="680" ind1=" " ind2=" "><subfield code="i">Scope Note: A shrub with oval glossy green leaves and numerous orange/red berries. Coprosma robusta.</subfield></datafield></record>