<record><leader>00000nz  a2200000n  4500</leader><controlfield tag="001">802</controlfield><controlfield tag="003">NzReo</controlfield><controlfield tag="008">050825 n anznnbab|          || ana      </controlfield><datafield tag="040" ind1=" " ind2=" "><subfield code="a">Nz</subfield><subfield code="c">Nz</subfield><subfield code="f">reo</subfield></datafield><datafield tag="150" ind1=" " ind2=" "><subfield code="a">Karamuramu</subfield></datafield><datafield tag="550" ind1=" " ind2=" "><subfield code="a">Rongoā</subfield></datafield><datafield tag="550" ind1=" " ind2=" "><subfield code="w">g</subfield><subfield code="a">Hua rākau</subfield></datafield><datafield tag="680" ind1=" " ind2=" "><subfield code="i">Whakamārama: He rākau tūturu no Aotearoa te karamuramu. He rongoa ōna rau ā, he kai ōna hua whero, karaka rānei mo ngā manu.</subfield></datafield><datafield tag="680" ind1=" " ind2=" "><subfield code="i">Scope Note: A native New Zealand tree whose leaves are used for medicinal purposes and whose red and orange berries are a food source for birds.</subfield></datafield></record>