<record><leader>00000nz  a2200000n  4500</leader><controlfield tag="001">352</controlfield><controlfield tag="003">NzReo</controlfield><controlfield tag="008">050506 n anznnbab|          || ana      </controlfield><datafield tag="040" ind1=" " ind2=" "><subfield code="a">Nz</subfield><subfield code="c">Nz</subfield><subfield code="f">reo</subfield></datafield><datafield tag="150" ind1=" " ind2=" "><subfield code="a">Karanga</subfield></datafield><datafield tag="450" ind1=" " ind2=" "><subfield code="a">Calls, Marae</subfield></datafield><datafield tag="450" ind1=" " ind2=" "><subfield code="a">Marae calls</subfield></datafield><datafield tag="550" ind1=" " ind2=" "><subfield code="w">g</subfield><subfield code="a">Pōwhiri</subfield></datafield><datafield tag="550" ind1=" " ind2=" "><subfield code="w">h</subfield><subfield code="a">Karanga kai</subfield></datafield><datafield tag="680" ind1=" " ind2=" "><subfield code="i">Whakamārama: He pōwhiri ki te manuhiri whakaeke, ma te reo paoro o ngā wāhine.</subfield></datafield><datafield tag="680" ind1=" " ind2=" "><subfield code="i">Scope Note: Semi-sung chants to welcome visitors to a marae etc.</subfield></datafield></record>