<record><leader>00000nz  a2200000n  4500</leader><controlfield tag="001">639</controlfield><controlfield tag="003">NzReo</controlfield><controlfield tag="008">050714 n anznnbab|          || ana      </controlfield><datafield tag="040" ind1=" " ind2=" "><subfield code="a">Nz</subfield><subfield code="c">Nz</subfield><subfield code="f">reo</subfield></datafield><datafield tag="150" ind1=" " ind2=" "><subfield code="a">Karanga weka</subfield></datafield><datafield tag="450" ind1=" " ind2=" "><subfield code="a">Bird lures</subfield></datafield><datafield tag="450" ind1=" " ind2=" "><subfield code="a">Instruments, Stone</subfield></datafield><datafield tag="450" ind1=" " ind2=" "><subfield code="a">Lures, Bird</subfield></datafield><datafield tag="450" ind1=" " ind2=" "><subfield code="a">Stone instruments</subfield></datafield><datafield tag="550" ind1=" " ind2=" "><subfield code="a">Karanga manu</subfield></datafield><datafield tag="550" ind1=" " ind2=" "><subfield code="a">Pūpū harakeke (Taonga pūoro)</subfield></datafield><datafield tag="550" ind1=" " ind2=" "><subfield code="a">Pūpū kauri</subfield></datafield><datafield tag="550" ind1=" " ind2=" "><subfield code="a">Tānemāhuta</subfield></datafield><datafield tag="550" ind1=" " ind2=" "><subfield code="a">Tānetuarōria (Taonga pūoro)</subfield></datafield><datafield tag="550" ind1=" " ind2=" "><subfield code="a">Tuaroria</subfield></datafield><datafield tag="550" ind1=" " ind2=" "><subfield code="w">g</subfield><subfield code="a">Taonga pūoro</subfield></datafield><datafield tag="680" ind1=" " ind2=" "><subfield code="i">Whakamārama: He momo whio tēnei taonga pūoro hei karanga weka.</subfield></datafield><datafield tag="680" ind1=" " ind2=" "><subfield code="i">Scope Note: This type of instrument imitated the weka.</subfield></datafield></record>