<record><leader>00000nz  a2200000n  4500</leader><controlfield tag="001">2108</controlfield><controlfield tag="003">NzReo</controlfield><controlfield tag="008">060525 n anznnbab|          || ana      </controlfield><datafield tag="040" ind1=" " ind2=" "><subfield code="a">Nz</subfield><subfield code="c">Nz</subfield><subfield code="f">reo</subfield></datafield><datafield tag="150" ind1=" " ind2=" "><subfield code="a">Kararehe</subfield></datafield><datafield tag="450" ind1=" " ind2=" "><subfield code="a">Animals</subfield></datafield><datafield tag="550" ind1=" " ind2=" "><subfield code="a">Ingoa</subfield></datafield><datafield tag="550" ind1=" " ind2=" "><subfield code="a">Mātauranga hauora kararehe</subfield></datafield><datafield tag="550" ind1=" " ind2=" "><subfield code="a">Mātauranga kararehe</subfield></datafield><datafield tag="550" ind1=" " ind2=" "><subfield code="a">Whare whakaaturanga kīrehe</subfield></datafield><datafield tag="550" ind1=" " ind2=" "><subfield code="w">g</subfield><subfield code="a">Pūtaiao</subfield></datafield><datafield tag="550" ind1=" " ind2=" "><subfield code="w">h</subfield><subfield code="a">Kararehe whāngote</subfield></datafield><datafield tag="680" ind1=" " ind2=" "><subfield code="i">Whakamārama: Ko te kurī o te ao Māori tawhito.</subfield></datafield><datafield tag="680" ind1=" " ind2=" "><subfield code="i">Scope Note: Originally a term applied to the kurī/dog, now generally applied to all animals.</subfield></datafield></record>