<record><leader>00000nz  a2200000n  4500</leader><controlfield tag="001">1575</controlfield><controlfield tag="003">NzReo</controlfield><controlfield tag="008">060524 n anznnbab|          || ana      </controlfield><datafield tag="040" ind1=" " ind2=" "><subfield code="a">Nz</subfield><subfield code="c">Nz</subfield><subfield code="f">reo</subfield></datafield><datafield tag="150" ind1=" " ind2=" "><subfield code="a">Kareao</subfield></datafield><datafield tag="450" ind1=" " ind2=" "><subfield code="a">Taiore</subfield></datafield><datafield tag="450" ind1=" " ind2=" "><subfield code="a">Supplejacks</subfield></datafield><datafield tag="550" ind1=" " ind2=" "><subfield code="w">g</subfield><subfield code="a">Aka</subfield></datafield><datafield tag="680" ind1=" " ind2=" "><subfield code="i">Whakamārama: He momo aka, he tāeo te tupu, hanga noa he rau. Kei ngā ngahere mākūkū e tupu ana. Tapahia ai hai hanga tāruke.</subfield></datafield><datafield tag="680" ind1=" " ind2=" "><subfield code="i">Scope Note: A usually leafless vine forming dense thickets in wet valleys. It was used for making tāruke/wicker traps for catching crayfish. Rhipogonum scandens.</subfield></datafield></record>