<record><leader>00000nz  a2200000n  4500</leader><controlfield tag="001">1317</controlfield><controlfield tag="003">NzReo</controlfield><controlfield tag="008">060511 n anznnbab|          || ana      </controlfield><datafield tag="040" ind1=" " ind2=" "><subfield code="a">Nz</subfield><subfield code="c">Nz</subfield><subfield code="f">reo</subfield></datafield><datafield tag="150" ind1=" " ind2=" "><subfield code="a">Kārearea</subfield></datafield><datafield tag="450" ind1=" " ind2=" "><subfield code="a">Bush hawks</subfield></datafield><datafield tag="450" ind1=" " ind2=" "><subfield code="a">Hawks, Bush</subfield></datafield><datafield tag="550" ind1=" " ind2=" "><subfield code="w">g</subfield><subfield code="a">Manu ngahere</subfield></datafield><datafield tag="680" ind1=" " ind2=" "><subfield code="i">Whakamārama: He manu nō te ngāhere, he parauri kōtiwhatiwha ngā huruhuru. Ko ana kai he pīpī manu, he kiore.</subfield></datafield><datafield tag="680" ind1=" " ind2=" "><subfield code="i">Scope Note: A small hawk of the forest feeding on small birds and rats. It has mottled brown plumage. Falco novaeseelandiae.</subfield></datafield></record>