<record><leader>00000nz  a2200000n  4500</leader><controlfield tag="001">368</controlfield><controlfield tag="003">NzReo</controlfield><controlfield tag="008">050506 n anznnbab|          || ana      </controlfield><datafield tag="040" ind1=" " ind2=" "><subfield code="a">Nz</subfield><subfield code="c">Nz</subfield><subfield code="f">reo</subfield></datafield><datafield tag="150" ind1=" " ind2=" "><subfield code="a">Kāremu</subfield></datafield><datafield tag="550" ind1=" " ind2=" "><subfield code="w">g</subfield><subfield code="a">Waka</subfield></datafield><datafield tag="680" ind1=" " ind2=" "><subfield code="i">Whakamārama: He puru mō te kaunaroa i te waka hei tuku i te wai ka u ana ki uta.</subfield></datafield><datafield tag="680" ind1=" " ind2=" "><subfield code="i">Scope Note: A plug inserted in the bottom of a waka/canoe to allow drainage when it is beached.</subfield></datafield></record>