<record><leader>00000nz  a2200000n  4500</leader><controlfield tag="001">1879</controlfield><controlfield tag="003">NzReo</controlfield><controlfield tag="008">060524 n anznnbab|          || ana      </controlfield><datafield tag="040" ind1=" " ind2=" "><subfield code="a">Nz</subfield><subfield code="c">Nz</subfield><subfield code="f">reo</subfield></datafield><datafield tag="150" ind1=" " ind2=" "><subfield code="a">Karengo</subfield></datafield><datafield tag="450" ind1=" " ind2=" "><subfield code="a">Kareko</subfield></datafield><datafield tag="450" ind1=" " ind2=" "><subfield code="a">Parengo</subfield></datafield><datafield tag="450" ind1=" " ind2=" "><subfield code="a">Reporepo</subfield></datafield><datafield tag="450" ind1=" " ind2=" "><subfield code="a">Tupata</subfield></datafield><datafield tag="450" ind1=" " ind2=" "><subfield code="a">Nori seaweeds</subfield></datafield><datafield tag="550" ind1=" " ind2=" "><subfield code="w">g</subfield><subfield code="a">Rimutai</subfield></datafield><datafield tag="680" ind1=" " ind2=" "><subfield code="i">Whakamārama: He momo rimurimu reka atu hei kai. Kei runga toka e piri ana, kia timu te tai, ka kitea.</subfield></datafield><datafield tag="680" ind1=" " ind2=" "><subfield code="i">Scope Note: A small hightidal seaweed like coloured filmy plastic. It was used as a vegetable. Porphyra columbina.</subfield></datafield></record>