<record><leader>00000nz  a2200000n  4500</leader><controlfield tag="001">1880</controlfield><controlfield tag="003">NzReo</controlfield><controlfield tag="008">060524 n anznnbab|          || ana      </controlfield><datafield tag="040" ind1=" " ind2=" "><subfield code="a">Nz</subfield><subfield code="c">Nz</subfield><subfield code="f">reo</subfield></datafield><datafield tag="150" ind1=" " ind2=" "><subfield code="a">Karepō</subfield></datafield><datafield tag="450" ind1=" " ind2=" "><subfield code="a">Eel grasses</subfield></datafield><datafield tag="450" ind1=" " ind2=" "><subfield code="a">Grasses, Sea</subfield></datafield><datafield tag="450" ind1=" " ind2=" "><subfield code="a">Sea grasses</subfield></datafield><datafield tag="550" ind1=" " ind2=" "><subfield code="w">g</subfield><subfield code="a">Rimutai</subfield></datafield><datafield tag="680" ind1=" " ind2=" "><subfield code="i">Whakamārama: He momo otaota, anō tōna rite he pātītī, kei ngā pareone waitai e tupu ana.</subfield></datafield><datafield tag="680" ind1=" " ind2=" "><subfield code="i">Scope Note: A grass-like plant found on tidal mudflats. Zostera marina.</subfield></datafield></record>