<record><leader>00000nz  a2200000n  4500</leader><controlfield tag="001">1826</controlfield><controlfield tag="003">NzReo</controlfield><controlfield tag="008">060524 n anznnbab|          || ana      </controlfield><datafield tag="040" ind1=" " ind2=" "><subfield code="a">Nz</subfield><subfield code="c">Nz</subfield><subfield code="f">reo</subfield></datafield><datafield tag="150" ind1=" " ind2=" "><subfield code="a">Kāretu</subfield></datafield><datafield tag="450" ind1=" " ind2=" "><subfield code="a">Grasses, Scented</subfield></datafield><datafield tag="450" ind1=" " ind2=" "><subfield code="a">Scented grasses</subfield></datafield><datafield tag="450" ind1=" " ind2=" "><subfield code="a">Sweet vernal</subfield></datafield><datafield tag="550" ind1=" " ind2=" "><subfield code="w">g</subfield><subfield code="a">Pātītī</subfield></datafield><datafield tag="680" ind1=" " ind2=" "><subfield code="i">Whakamārama: He momo pātītī kakara.</subfield></datafield><datafield tag="680" ind1=" " ind2=" "><subfield code="i">Scope Note: A native grass that is sweetly aromatic. Anthoxanthum redolens.</subfield></datafield></record>