<record><leader>00000nz  a2200000n  4500</leader><controlfield tag="001">1472</controlfield><controlfield tag="003">NzReo</controlfield><controlfield tag="008">060511 n anznnbab|          || ana      </controlfield><datafield tag="040" ind1=" " ind2=" "><subfield code="a">Nz</subfield><subfield code="c">Nz</subfield><subfield code="f">reo</subfield></datafield><datafield tag="150" ind1=" " ind2=" "><subfield code="a">Karoro</subfield></datafield><datafield tag="450" ind1=" " ind2=" "><subfield code="a">Black-backed gulls</subfield></datafield><datafield tag="450" ind1=" " ind2=" "><subfield code="a">Black-backed seagulls</subfield></datafield><datafield tag="450" ind1=" " ind2=" "><subfield code="a">Gulls, Black-backed</subfield></datafield><datafield tag="450" ind1=" " ind2=" "><subfield code="a">Seagulls, Black-backed</subfield></datafield><datafield tag="550" ind1=" " ind2=" "><subfield code="a">Tarāpunga</subfield></datafield><datafield tag="550" ind1=" " ind2=" "><subfield code="w">g</subfield><subfield code="a">Manu ki tātahi</subfield></datafield><datafield tag="680" ind1=" " ind2=" "><subfield code="i">Whakamārama: He manu nō te taha moana. He pango te tuarā, he mā te poho, he kōwhai ngā ngutu me ngā waewae.</subfield></datafield><datafield tag="680" ind1=" " ind2=" "><subfield code="i">Scope Note: A large seagull with a black back, white belly and yellow beak and legs. Larus dominicanus.</subfield></datafield></record>