<record><leader>00000nz  a2200000n  4500</leader><controlfield tag="001">2170</controlfield><controlfield tag="003">NzReo</controlfield><controlfield tag="008">060530 n anznnbab|          || ana      </controlfield><datafield tag="040" ind1=" " ind2=" "><subfield code="a">Nz</subfield><subfield code="c">Nz</subfield><subfield code="f">reo</subfield></datafield><datafield tag="150" ind1=" " ind2=" "><subfield code="a">Katipō</subfield></datafield><datafield tag="450" ind1=" " ind2=" "><subfield code="a">Spiders, Poisonous</subfield></datafield><datafield tag="550" ind1=" " ind2=" "><subfield code="w">g</subfield><subfield code="a">Pungāwerewere</subfield></datafield><datafield tag="680" ind1=" " ind2=" "><subfield code="i">Whakamārama: He momo pūngāwerewere itiiti noa, he paihana, he pango, he tāhei kura kei te puku. Noho ai i te takutai moana.</subfield></datafield><datafield tag="680" ind1=" " ind2=" "><subfield code="i">Scope Note: A small black spider with a red stripe on the abdomen. It lives close to the sea and is poisonous. Latrodectus katipo.</subfield></datafield></record>