<record><leader>00000nz  a2200000n  4500</leader><controlfield tag="001">2266</controlfield><controlfield tag="003">NzReo</controlfield><controlfield tag="008">060531 n anznnbab|          || ana      </controlfield><datafield tag="040" ind1=" " ind2=" "><subfield code="a">Nz</subfield><subfield code="c">Nz</subfield><subfield code="f">reo</subfield></datafield><datafield tag="150" ind1=" " ind2=" "><subfield code="a">Kaumātua</subfield></datafield><datafield tag="450" ind1=" " ind2=" "><subfield code="a">Elders</subfield></datafield><datafield tag="450" ind1=" " ind2=" "><subfield code="a">Maataapuputuu</subfield></datafield><datafield tag="550" ind1=" " ind2=" "><subfield code="a">Pakeke</subfield></datafield><datafield tag="550" ind1=" " ind2=" "><subfield code="a">Tūpuna</subfield></datafield><datafield tag="550" ind1=" " ind2=" "><subfield code="w">g</subfield><subfield code="a">Whānau</subfield></datafield><datafield tag="550" ind1=" " ind2=" "><subfield code="w">h</subfield><subfield code="a">Koroua</subfield></datafield><datafield tag="550" ind1=" " ind2=" "><subfield code="w">h</subfield><subfield code="a">Kuia</subfield></datafield><datafield tag="680" ind1=" " ind2=" "><subfield code="i">Whakamārama: Ko ngā hunga taipakeke, ko ngā koroua me ngā kūia.</subfield></datafield><datafield tag="680" ind1=" " ind2=" "><subfield code="i">Scope Note: Koroua/elderly men and kuia/women within society. See also: Pakeke (Adults).</subfield></datafield></record>