<record><leader>00000nz  a2200000n  4500</leader><controlfield tag="001">366</controlfield><controlfield tag="003">NzReo</controlfield><controlfield tag="008">050506 n anznnbab|          || ana      </controlfield><datafield tag="040" ind1=" " ind2=" "><subfield code="a">Nz</subfield><subfield code="c">Nz</subfield><subfield code="f">reo</subfield></datafield><datafield tag="150" ind1=" " ind2=" "><subfield code="a">Kaunaroa</subfield></datafield><datafield tag="450" ind1=" " ind2=" "><subfield code="a">Hulls</subfield></datafield><datafield tag="550" ind1=" " ind2=" "><subfield code="a">Haumi</subfield></datafield><datafield tag="550" ind1=" " ind2=" "><subfield code="a">Rauawa</subfield></datafield><datafield tag="550" ind1=" " ind2=" "><subfield code="w">g</subfield><subfield code="a">Waka</subfield></datafield><datafield tag="680" ind1=" " ind2=" "><subfield code="i">Whakamārama: Ko te tinana o te waka, hāunga anō te tauihu me te taurapa.</subfield></datafield><datafield tag="680" ind1=" " ind2=" "><subfield code="i">Scope Note: The plain hull of a waka haumi, without the stern and bow pieces.</subfield></datafield></record>