<record><leader>00000nz  a2200000n  4500</leader><controlfield tag="001">3241</controlfield><controlfield tag="003">NzReo</controlfield><controlfield tag="008">101020 n anznnbab|          || ana      </controlfield><datafield tag="040" ind1=" " ind2=" "><subfield code="a">Nz</subfield><subfield code="c">Nz</subfield><subfield code="f">reo</subfield></datafield><datafield tag="150" ind1=" " ind2=" "><subfield code="a">Kaupapa</subfield></datafield><datafield tag="450" ind1=" " ind2=" "><subfield code="a">Kaupapa here</subfield></datafield><datafield tag="450" ind1=" " ind2=" "><subfield code="a">Plans</subfield></datafield><datafield tag="450" ind1=" " ind2=" "><subfield code="a">Policies</subfield></datafield><datafield tag="550" ind1=" " ind2=" "><subfield code="w">g</subfield><subfield code="a">Mana whakahaere</subfield></datafield><datafield tag="550" ind1=" " ind2=" "><subfield code="w">h</subfield><subfield code="a">Kaupapa rangahau</subfield></datafield><datafield tag="550" ind1=" " ind2=" "><subfield code="w">h</subfield><subfield code="a">Rautaki</subfield></datafield><datafield tag="680" ind1=" " ind2=" "><subfield code="i">Whakamārama: He whakaritenga, he tikanga rānei e ū ai ētahi whāinga, e tutuki ai ētahi kaupapa mahi.</subfield></datafield><datafield tag="680" ind1=" " ind2=" "><subfield code="i">Scope Note: A deliberate plan or course of action to guide decisions and achieve rational outcomes.</subfield></datafield></record>