<record><leader>00000nz  a2200000n  4500</leader><controlfield tag="001">4234</controlfield><controlfield tag="003">NzReo</controlfield><controlfield tag="008">131015 n anznnbab|          || ana      </controlfield><datafield tag="040" ind1=" " ind2=" "><subfield code="a">Nz</subfield><subfield code="c">Nz</subfield><subfield code="f">reo</subfield></datafield><datafield tag="150" ind1=" " ind2=" "><subfield code="a">Kaupapa rangahau</subfield></datafield><datafield tag="450" ind1=" " ind2=" "><subfield code="a">Tikanga Māori</subfield></datafield><datafield tag="450" ind1=" " ind2=" "><subfield code="a">Tikanga rangahau</subfield></datafield><datafield tag="450" ind1=" " ind2=" "><subfield code="a">Tukanga rangahau</subfield></datafield><datafield tag="450" ind1=" " ind2=" "><subfield code="a">Methodologies</subfield></datafield><datafield tag="450" ind1=" " ind2=" "><subfield code="a">Research methods</subfield></datafield><datafield tag="550" ind1=" " ind2=" "><subfield code="w">g</subfield><subfield code="a">Kaupapa</subfield></datafield><datafield tag="550" ind1=" " ind2=" "><subfield code="w">g</subfield><subfield code="a">Rangahau</subfield></datafield><datafield tag="680" ind1=" " ind2=" "><subfield code="i">Whakamārama: He mahere e tutuki ai tētahi kaupapa mahi.</subfield></datafield><datafield tag="680" ind1=" " ind2=" "><subfield code="i">Scope Note: Use for research plans.</subfield></datafield></record>