<record><leader>00000nz  a2200000n  4500</leader><controlfield tag="001">345</controlfield><controlfield tag="003">NzReo</controlfield><controlfield tag="008">050504 n anznnbab|          || ana      </controlfield><datafield tag="040" ind1=" " ind2=" "><subfield code="a">Nz</subfield><subfield code="c">Nz</subfield><subfield code="f">reo</subfield></datafield><datafield tag="150" ind1=" " ind2=" "><subfield code="a">Kawa</subfield></datafield><datafield tag="450" ind1=" " ind2=" "><subfield code="a">Protocols</subfield></datafield><datafield tag="550" ind1=" " ind2=" "><subfield code="a">Ritenga</subfield></datafield><datafield tag="550" ind1=" " ind2=" "><subfield code="w">g</subfield><subfield code="a">Tikanga tuku iho</subfield></datafield><datafield tag="550" ind1=" " ind2=" "><subfield code="w">h</subfield><subfield code="a">Pōwhiri</subfield></datafield><datafield tag="550" ind1=" " ind2=" "><subfield code="w">h</subfield><subfield code="a">Rāhui</subfield></datafield><datafield tag="550" ind1=" " ind2=" "><subfield code="w">h</subfield><subfield code="a">Whakatau</subfield></datafield><datafield tag="680" ind1=" " ind2=" "><subfield code="i">Whakamārama: Ngā ritenga me ngā kawe o te marae.</subfield></datafield><datafield tag="680" ind1=" " ind2=" "><subfield code="i">Scope Note: Protocol or set of rules for a marae/meeting area or a specific occasion.</subfield></datafield></record>