<record><leader>00000nz  a2200000n  4500</leader><controlfield tag="001">4163</controlfield><controlfield tag="003">NzReo</controlfield><controlfield tag="008">130111 n anznnbab|          || ana      </controlfield><datafield tag="040" ind1=" " ind2=" "><subfield code="a">Nz</subfield><subfield code="c">Nz</subfield><subfield code="f">reo</subfield></datafield><datafield tag="150" ind1=" " ind2=" "><subfield code="a">Kawa whakaruruhau</subfield></datafield><datafield tag="450" ind1=" " ind2=" "><subfield code="a">Cultural safety</subfield></datafield><datafield tag="450" ind1=" " ind2=" "><subfield code="a">Safety, Cultural</subfield></datafield><datafield tag="550" ind1=" " ind2=" "><subfield code="w">g</subfield><subfield code="a">Noho-ā-iwi</subfield></datafield><datafield tag="680" ind1=" " ind2=" "><subfield code="i">Whakamārama: Te mana motuhake a tēnā iwi, a tēnā iwi.</subfield></datafield><datafield tag="680" ind1=" " ind2=" "><subfield code="i">Scope Note: The understanding, respect, and recognition of another cultural identity.</subfield></datafield></record>