<record><leader>00000nz  a2200000n  4500</leader><controlfield tag="001">1910</controlfield><controlfield tag="003">NzReo</controlfield><controlfield tag="008">060524 n anznnbab|          || ana      </controlfield><datafield tag="040" ind1=" " ind2=" "><subfield code="a">Nz</subfield><subfield code="c">Nz</subfield><subfield code="f">reo</subfield></datafield><datafield tag="150" ind1=" " ind2=" "><subfield code="a">Kawaka</subfield></datafield><datafield tag="450" ind1=" " ind2=" "><subfield code="a">Kahikawaka</subfield></datafield><datafield tag="450" ind1=" " ind2=" "><subfield code="a">Kaikawaka</subfield></datafield><datafield tag="550" ind1=" " ind2=" "><subfield code="w">g</subfield><subfield code="a">Rākau whakakake</subfield></datafield><datafield tag="680" ind1=" " ind2=" "><subfield code="i">Whakamārama: He rākau tāroaroa, he keokeo te mata, pērā i te kāhikatea. He rite ki te huruhuru whenua ngā raurau.</subfield></datafield><datafield tag="680" ind1=" " ind2=" "><subfield code="i">Scope Note: A tall tree with a cone shaped head of spreading branches and fernlike foliage. Libocebrus plumosa.</subfield></datafield></record>