<record><leader>00000nz  a2200000n  4500</leader><controlfield tag="001">1631</controlfield><controlfield tag="003">NzReo</controlfield><controlfield tag="008">060524 n anznnbab|          || ana      </controlfield><datafield tag="040" ind1=" " ind2=" "><subfield code="a">Nz</subfield><subfield code="c">Nz</subfield><subfield code="f">reo</subfield></datafield><datafield tag="150" ind1=" " ind2=" "><subfield code="a">Kawakawa</subfield></datafield><datafield tag="450" ind1=" " ind2=" "><subfield code="a">Pepper trees</subfield></datafield><datafield tag="450" ind1=" " ind2=" "><subfield code="a">Trees, Pepper</subfield></datafield><datafield tag="550" ind1=" " ind2=" "><subfield code="w">g</subfield><subfield code="a">Mauwha</subfield></datafield><datafield tag="550" ind1=" " ind2=" "><subfield code="w">h</subfield><subfield code="a">Tākawa</subfield></datafield><datafield tag="680" ind1=" " ind2=" "><subfield code="i">Whakamārama: He mauwha, he matakawa ngā rau. He kurapango ngā rārā, he whāiti ngā hua, he rite ki te hua inohi. He pūataata te nuinga o ngā rau.</subfield></datafield><datafield tag="680" ind1=" " ind2=" "><subfield code="i">Scope Note: A shrub with heart-shaped leaves, reddish-black branches and small catkin-like fruit. The leaves are often full of holes. Macropiper excelsum.</subfield></datafield></record>