<record><leader>00000nz  a2200000n  4500</leader><controlfield tag="001">692</controlfield><controlfield tag="003">NzReo</controlfield><controlfield tag="008">050719 n anznnbab|          || ana      </controlfield><datafield tag="040" ind1=" " ind2=" "><subfield code="a">Nz</subfield><subfield code="c">Nz</subfield><subfield code="f">reo</subfield></datafield><datafield tag="150" ind1=" " ind2=" "><subfield code="a">Kāwanatanga</subfield></datafield><datafield tag="450" ind1=" " ind2=" "><subfield code="a">Government</subfield></datafield><datafield tag="550" ind1=" " ind2=" "><subfield code="a">Kōmihana a te Karauna</subfield></datafield><datafield tag="550" ind1=" " ind2=" "><subfield code="a">Mana whakahaere</subfield></datafield><datafield tag="550" ind1=" " ind2=" "><subfield code="w">g</subfield><subfield code="a">Tōrangapū</subfield></datafield><datafield tag="550" ind1=" " ind2=" "><subfield code="w">h</subfield><subfield code="a">Kaitōrangapū</subfield></datafield><datafield tag="550" ind1=" " ind2=" "><subfield code="w">h</subfield><subfield code="a">Kōwhiringa pōti</subfield></datafield><datafield tag="550" ind1=" " ind2=" "><subfield code="w">h</subfield><subfield code="a">Pāremata</subfield></datafield><datafield tag="550" ind1=" " ind2=" "><subfield code="w">h</subfield><subfield code="a">Tiriti o Waitangi</subfield></datafield><datafield tag="680" ind1=" " ind2=" "><subfield code="i">Whakamārama: Ko te rōpū whakahaere o ngā hapū, o ngā iwi, o ngā hapori katoa e kīa nei ko te Kāwanatanga.</subfield></datafield><datafield tag="680" ind1=" " ind2=" "><subfield code="i">Scope Note: The authorised administrative and legislative body of the state, known as the Government.</subfield></datafield></record>