<record><leader>00000nz  a2200000n  4500</leader><controlfield tag="001">1475</controlfield><controlfield tag="003">NzReo</controlfield><controlfield tag="008">060511 n anznnbab|          || ana      </controlfield><datafield tag="040" ind1=" " ind2=" "><subfield code="a">Nz</subfield><subfield code="c">Nz</subfield><subfield code="f">reo</subfield></datafield><datafield tag="150" ind1=" " ind2=" "><subfield code="a">Kawau</subfield></datafield><datafield tag="450" ind1=" " ind2=" "><subfield code="a">Shags</subfield></datafield><datafield tag="550" ind1=" " ind2=" "><subfield code="w">g</subfield><subfield code="a">Manu ki tātahi</subfield></datafield><datafield tag="680" ind1=" " ind2=" "><subfield code="i">Whakamārama: He manu roroa ngā ngutu, he pūhihi ngā kakī. He ika te kai. Ko ngā huruhuru he kārikipango, he mā rānei. He mumura te mata.</subfield></datafield><datafield tag="680" ind1=" " ind2=" "><subfield code="i">Scope Note: A general term for shags and cormorants, a family of fish eating birds with long hooked bills and slender necks. They have greenish-black and white plumage but the face is often brightly coloured.</subfield></datafield></record>