<record><leader>00000nz  a2200000n  4500</leader><controlfield tag="001">409</controlfield><controlfield tag="003">NzReo</controlfield><controlfield tag="008">050506 n anznnbab|          || ana      </controlfield><datafield tag="040" ind1=" " ind2=" "><subfield code="a">Nz</subfield><subfield code="c">Nz</subfield><subfield code="f">reo</subfield></datafield><datafield tag="150" ind1=" " ind2=" "><subfield code="a">Kawe mate</subfield></datafield><datafield tag="450" ind1=" " ind2=" "><subfield code="a">Ceremonies, Mourning</subfield></datafield><datafield tag="450" ind1=" " ind2=" "><subfield code="a">Mourning ceremonies</subfield></datafield><datafield tag="550" ind1=" " ind2=" "><subfield code="a">Whānau pani</subfield></datafield><datafield tag="550" ind1=" " ind2=" "><subfield code="w">g</subfield><subfield code="a">Waka tūpāpaku</subfield></datafield><datafield tag="680" ind1=" " ind2=" "><subfield code="i">Whakamārama: Ka haere tonu te tangihanga kei ia wāhi, kei ia rohe o te motu.</subfield></datafield><datafield tag="680" ind1=" " ind2=" "><subfield code="i">Scope Note: The continuation of the mourning ceremony at other places.</subfield></datafield></record>