<record><leader>00000nz  a2200000n  4500</leader><controlfield tag="001">298</controlfield><controlfield tag="003">NzReo</controlfield><controlfield tag="008">060608 n anznnbab|          || ana      </controlfield><datafield tag="040" ind1=" " ind2=" "><subfield code="a">Nz</subfield><subfield code="c">Nz</subfield><subfield code="f">reo</subfield></datafield><datafield tag="150" ind1=" " ind2=" "><subfield code="a">Kāwenata Hou</subfield></datafield><datafield tag="450" ind1=" " ind2=" "><subfield code="a">New Testament</subfield></datafield><datafield tag="450" ind1=" " ind2=" "><subfield code="a">Testament, New</subfield></datafield><datafield tag="550" ind1=" " ind2=" "><subfield code="a">Ūpoko (Paipera Tapu)</subfield></datafield><datafield tag="550" ind1=" " ind2=" "><subfield code="w">g</subfield><subfield code="a">Paipera Tapu</subfield></datafield><datafield tag="680" ind1=" " ind2=" "><subfield code="i">Whakamārama: Ko te pukapuka tawhito o te Paipera Tapu, ko ngā kōrero tapu o te Atua Ihowa me ngā kōrero nehe a ngā poropiti hoki.</subfield></datafield><datafield tag="680" ind1=" " ind2=" "><subfield code="i">Scope Note: The New Testament of the Christian Bible.</subfield></datafield></record>