<record><leader>00000nz  a2200000n  4500</leader><controlfield tag="001">2111</controlfield><controlfield tag="003">NzReo</controlfield><controlfield tag="008">060525 n anznnbab|          || ana      </controlfield><datafield tag="040" ind1=" " ind2=" "><subfield code="a">Nz</subfield><subfield code="c">Nz</subfield><subfield code="f">reo</subfield></datafield><datafield tag="150" ind1=" " ind2=" "><subfield code="a">Kekeno</subfield></datafield><datafield tag="450" ind1=" " ind2=" "><subfield code="a">Kakerangi</subfield></datafield><datafield tag="450" ind1=" " ind2=" "><subfield code="a">Fur seals, New Zealand</subfield></datafield><datafield tag="450" ind1=" " ind2=" "><subfield code="a">New Zealand fur seals</subfield></datafield><datafield tag="450" ind1=" " ind2=" "><subfield code="a">Seals, New Zealand fur</subfield></datafield><datafield tag="550" ind1=" " ind2=" "><subfield code="w">g</subfield><subfield code="a">Kararehe whāngote</subfield></datafield><datafield tag="680" ind1=" " ind2=" "><subfield code="i">Whakamārama: He momo kararehe o te aumoana, i patua, ka hokona mō ana huruhuru engari kua rāhuitia ināianei.</subfield></datafield><datafield tag="680" ind1=" " ind2=" "><subfield code="i">Scope Note: A marine mammal once commercially exploited for its fur, but now protected. Arctocephalus forsteri.</subfield></datafield></record>