<record><leader>00000nz  a2200000n  4500</leader><controlfield tag="001">3216</controlfield><controlfield tag="003">NzReo</controlfield><controlfield tag="008">101019 n anznnbab|          || ana      </controlfield><datafield tag="040" ind1=" " ind2=" "><subfield code="a">Nz</subfield><subfield code="c">Nz</subfield><subfield code="f">reo</subfield></datafield><datafield tag="150" ind1=" " ind2=" "><subfield code="a">Kerēme (Tiriti o Waitangi)</subfield></datafield><datafield tag="450" ind1=" " ind2=" "><subfield code="a">Claims, Waitangi Tribunal</subfield></datafield><datafield tag="450" ind1=" " ind2=" "><subfield code="a">Waitangi Tribunal claims</subfield></datafield><datafield tag="550" ind1=" " ind2=" "><subfield code="a">Muru whenua</subfield></datafield><datafield tag="550" ind1=" " ind2=" "><subfield code="a">Raupatu</subfield></datafield><datafield tag="550" ind1=" " ind2=" "><subfield code="a">Tino rangatiratanga</subfield></datafield><datafield tag="550" ind1=" " ind2=" "><subfield code="a">Tōrangapū</subfield></datafield><datafield tag="550" ind1=" " ind2=" "><subfield code="a">Whakatau mauri</subfield></datafield><datafield tag="550" ind1=" " ind2=" "><subfield code="w">g</subfield><subfield code="a">Tiriti o Waitangi</subfield></datafield><datafield tag="680" ind1=" " ind2=" "><subfield code="i">Whakamārama: He tono kua whakatakotoria e te Māori ki te Rōpū Whakamana i te Tiriti mō te mahi whakahē a te Karauna i whati ai te wairua o te Tiriti o Waitangi mai i 1840.</subfield></datafield><datafield tag="680" ind1=" " ind2=" "><subfield code="i">Scope Note: A claim lodged on behalf of Māori to the Waitangi Tribunal for past grievances caused by the Crown, and, found to be in breach of the principles of the Treaty of Waitangi since 1840.</subfield></datafield></record>