<record><leader>00000nz  a2200000n  4500</leader><controlfield tag="001">1323</controlfield><controlfield tag="003">NzReo</controlfield><controlfield tag="008">060511 n anznnbab|          || ana      </controlfield><datafield tag="040" ind1=" " ind2=" "><subfield code="a">Nz</subfield><subfield code="c">Nz</subfield><subfield code="f">reo</subfield></datafield><datafield tag="150" ind1=" " ind2=" "><subfield code="a">Kererū</subfield></datafield><datafield tag="450" ind1=" " ind2=" "><subfield code="a">Pigeons, Wood</subfield></datafield><datafield tag="450" ind1=" " ind2=" "><subfield code="a">Wood pigeons</subfield></datafield><datafield tag="550" ind1=" " ind2=" "><subfield code="w">g</subfield><subfield code="a">Manu ngahere</subfield></datafield><datafield tag="680" ind1=" " ind2=" "><subfield code="i">Whakamārama: He manu nui, he manu taumaha, kei te ngahere. He kai rangatira i tōna wā, he huahua. He kāriki porokura te māhunga me te poho, mā tonu te puku.</subfield></datafield><datafield tag="680" ind1=" " ind2=" "><subfield code="i">Scope Note: A large heavy bird of the forest, formerly much prized for food. The head and breast are metallic purplish green and the belly is pure white. Hemiphaga novaeseelandiae.</subfield></datafield></record>