<record><leader>00000nz  a2200000n  4500</leader><controlfield tag="001">552</controlfield><controlfield tag="003">NzReo</controlfield><controlfield tag="008">050629 n anznnbab|          || ana      </controlfield><datafield tag="040" ind1=" " ind2=" "><subfield code="a">Nz</subfield><subfield code="c">Nz</subfield><subfield code="f">reo</subfield></datafield><datafield tag="150" ind1=" " ind2=" "><subfield code="a">Kete kohi kai</subfield></datafield><datafield tag="550" ind1=" " ind2=" "><subfield code="a">Kai</subfield></datafield><datafield tag="550" ind1=" " ind2=" "><subfield code="w">g</subfield><subfield code="a">Kete</subfield></datafield><datafield tag="680" ind1=" " ind2=" "><subfield code="i">Whakamārama: He nui ngā momo kete engari he kete anō te kete kai.</subfield></datafield><datafield tag="680" ind1=" " ind2=" "><subfield code="i">Scope Note: There are many types of baskets but some are specifically made to fetch and carry food.</subfield></datafield></record>