<record><leader>00000nz  a2200000n  4500</leader><controlfield tag="001">4024</controlfield><controlfield tag="003">NzReo</controlfield><controlfield tag="008">120501 n anznnbab|          || ana      </controlfield><datafield tag="040" ind1=" " ind2=" "><subfield code="a">Nz</subfield><subfield code="c">Nz</subfield><subfield code="f">reo</subfield></datafield><datafield tag="150" ind1=" " ind2=" "><subfield code="a">Kī-ō-Rahi</subfield></datafield><datafield tag="450" ind1=" " ind2=" "><subfield code="a">Ball games, Traditional</subfield></datafield><datafield tag="450" ind1=" " ind2=" "><subfield code="a">Traditional ball games</subfield></datafield><datafield tag="550" ind1=" " ind2=" "><subfield code="w">g</subfield><subfield code="a">Hākinakina</subfield></datafield><datafield tag="680" ind1=" " ind2=" "><subfield code="i">Whakamārama: He tākaro, he mahi i ahu mai i a Te Rēhia e tākaro tonu ai ki runga i ngā taha moana me ngā wāhi e kīa nei ko te wātea.</subfield></datafield><datafield tag="680" ind1=" " ind2=" "><subfield code="i">Scope Note: An umbrella term for a range of different ancient traditional Māori ball games played with two opposing teams on open fields and beaches. The practice of this sport fell into rapid decline last century but has been revived by Māori sports academics and rolled out across schools in Aotearoa New Zealand. Ki-o-Rahi is played worldwide, including in Italy and France.</subfield></datafield></record>