<record><leader>00000nz  a2200000n  4500</leader><controlfield tag="001">546</controlfield><controlfield tag="003">NzReo</controlfield><controlfield tag="008">050629 n anznnbab|          || ana      </controlfield><datafield tag="040" ind1=" " ind2=" "><subfield code="a">Nz</subfield><subfield code="c">Nz</subfield><subfield code="f">reo</subfield></datafield><datafield tag="150" ind1=" " ind2=" "><subfield code="a">Ki te kawa tūpāpaku</subfield></datafield><datafield tag="550" ind1=" " ind2=" "><subfield code="w">g</subfield><subfield code="a">Tangihanga</subfield></datafield><datafield tag="680" ind1=" " ind2=" "><subfield code="i">Scope Note: The customs around the placement of the body.</subfield></datafield></record>