<record><leader>00000nz  a2200000n  4500</leader><controlfield tag="001">1570</controlfield><controlfield tag="003">NzReo</controlfield><controlfield tag="008">060524 n anznnbab|          || ana      </controlfield><datafield tag="040" ind1=" " ind2=" "><subfield code="a">Nz</subfield><subfield code="c">Nz</subfield><subfield code="f">reo</subfield></datafield><datafield tag="150" ind1=" " ind2=" "><subfield code="a">Kiekie</subfield></datafield><datafield tag="450" ind1=" " ind2=" "><subfield code="a">Freycinetia baueriana</subfield></datafield><datafield tag="550" ind1=" " ind2=" "><subfield code="w">g</subfield><subfield code="a">Aka</subfield></datafield><datafield tag="680" ind1=" " ind2=" "><subfield code="i">Whakamārama: He whara kei te ngahere, he tāeo te tupu. He mea anō kā piki i nga rākau. Mahia ai hei raranga kete, whāriki rānei. Kainga ai ngā hua.</subfield></datafield><datafield tag="680" ind1=" " ind2=" "><subfield code="i">Scope Note: A climbing and creeping vine forming thickets in the forest. The leaves are used in weaving, the fruits were eaten and the roots used for ropes or bindings. Freycinetia baueriana var. banksii.</subfield></datafield></record>