<record><leader>00000nz  a2200000n  4500</leader><controlfield tag="001">1263</controlfield><controlfield tag="003">NzReo</controlfield><controlfield tag="008">060503 n anznnbab|          || ana      </controlfield><datafield tag="040" ind1=" " ind2=" "><subfield code="a">Nz</subfield><subfield code="c">Nz</subfield><subfield code="f">reo</subfield></datafield><datafield tag="150" ind1=" " ind2=" "><subfield code="a">Kīnaki</subfield></datafield><datafield tag="450" ind1=" " ind2=" "><subfield code="a">Relishes</subfield></datafield><datafield tag="450" ind1=" " ind2=" "><subfield code="a">Sauces</subfield></datafield><datafield tag="550" ind1=" " ind2=" "><subfield code="w">g</subfield><subfield code="a">Kai</subfield></datafield><datafield tag="680" ind1=" " ind2=" "><subfield code="i">Whakamārama: Ki te kīnaki koe i ngā kai, ka kainga tētahi kai i te taha o ētahi atu.</subfield></datafield><datafield tag="680" ind1=" " ind2=" "><subfield code="i">Scope Note: A relish, sauce or delicacy accompanying other foods. It could be animal or vegetable based.</subfield></datafield></record>