<record><leader>00000nz  a2200000n  4500</leader><controlfield tag="001">693</controlfield><controlfield tag="003">NzReo</controlfield><controlfield tag="008">050719 n anznnbab|          || ana      </controlfield><datafield tag="040" ind1=" " ind2=" "><subfield code="a">Nz</subfield><subfield code="c">Nz</subfield><subfield code="f">reo</subfield></datafield><datafield tag="150" ind1=" " ind2=" "><subfield code="a">Kīngitanga</subfield></datafield><datafield tag="450" ind1=" " ind2=" "><subfield code="a">Koroneihana</subfield></datafield><datafield tag="450" ind1=" " ind2=" "><subfield code="a">King Movement</subfield></datafield><datafield tag="450" ind1=" " ind2=" "><subfield code="a">Kingship</subfield></datafield><datafield tag="450" ind1=" " ind2=" "><subfield code="a">Māori King Movement</subfield></datafield><datafield tag="550" ind1=" " ind2=" "><subfield code="a">Aukati (Tōrangapū)</subfield></datafield><datafield tag="550" ind1=" " ind2=" "><subfield code="a">Kōtahitanga</subfield></datafield><datafield tag="550" ind1=" " ind2=" "><subfield code="a">Mana motuhake</subfield></datafield><datafield tag="550" ind1=" " ind2=" "><subfield code="a">Pai Mārire</subfield></datafield><datafield tag="550" ind1=" " ind2=" "><subfield code="a">Rangatiratanga</subfield></datafield><datafield tag="550" ind1=" " ind2=" "><subfield code="w">g</subfield><subfield code="a">Tōrangapū</subfield></datafield><datafield tag="680" ind1=" " ind2=" "><subfield code="i">Whakamārama: Ko te whakakōtahitanga o ngā iwi, i raro i te hōnore o te Kuini/Kīngi Māori. Ko te kaupapa, ko te pupuri whenua.</subfield></datafield><datafield tag="680" ind1=" " ind2=" "><subfield code="i">Scope Note: A movement in which the tribes elected a Māori King in an effort to bring Māori together to prevent the alienation of Māori land.</subfield></datafield></record>