<record><leader>00000nz  a2200000n  4500</leader><controlfield tag="001">1597</controlfield><controlfield tag="003">NzReo</controlfield><controlfield tag="008">060524 n anznnbab|          || ana      </controlfield><datafield tag="040" ind1=" " ind2=" "><subfield code="a">Nz</subfield><subfield code="c">Nz</subfield><subfield code="f">reo</subfield></datafield><datafield tag="150" ind1=" " ind2=" "><subfield code="a">Kiokio</subfield></datafield><datafield tag="450" ind1=" " ind2=" "><subfield code="a">Ferns, Hard</subfield></datafield><datafield tag="450" ind1=" " ind2=" "><subfield code="a">Hard ferns</subfield></datafield><datafield tag="450" ind1=" " ind2=" "><subfield code="a">Korokio</subfield></datafield><datafield tag="450" ind1=" " ind2=" "><subfield code="a">Koropio</subfield></datafield><datafield tag="550" ind1=" " ind2=" "><subfield code="w">g</subfield><subfield code="a">Huruhuru whenua</subfield></datafield><datafield tag="680" ind1=" " ind2=" "><subfield code="i">Whakamārama: He rarauhe tupu noa i te taha o te huarahi. He kārikitea ngā rauhuru. Hei te pūhouhoutanga he māwherotea ngā rauhuru.</subfield></datafield><datafield tag="680" ind1=" " ind2=" "><subfield code="i">Scope Note: A common roadside fern with plain pale green leaflets, often pink-tinted when young. Blechnum sp.</subfield></datafield></record>