<record><leader>00000nz  a2200000n  4500</leader><controlfield tag="001">2116</controlfield><controlfield tag="003">NzReo</controlfield><controlfield tag="008">060525 n anznnbab|          || ana      </controlfield><datafield tag="040" ind1=" " ind2=" "><subfield code="a">Nz</subfield><subfield code="c">Nz</subfield><subfield code="f">reo</subfield></datafield><datafield tag="150" ind1=" " ind2=" "><subfield code="a">Kiore</subfield></datafield><datafield tag="450" ind1=" " ind2=" "><subfield code="a">Hāmua</subfield></datafield><datafield tag="450" ind1=" " ind2=" "><subfield code="a">Rats</subfield></datafield><datafield tag="550" ind1=" " ind2=" "><subfield code="w">g</subfield><subfield code="a">Kararehe whāngote</subfield></datafield><datafield tag="680" ind1=" " ind2=" "><subfield code="i">Whakamārama: He momo kararehe itiiti hei kai. I haria mai e ngā Māori i Hawaiiki.</subfield></datafield><datafield tag="680" ind1=" " ind2=" "><subfield code="i">Scope Note: A small rat brought to Aotearoa from Polynesia by Māori. It was trapped for food. Rattus exulans.</subfield></datafield></record>