<record><leader>00000nz  a2200000n  4500</leader><controlfield tag="001">3005</controlfield><controlfield tag="003">NzReo</controlfield><controlfield tag="008">071212 n anznnbab|          || ana      </controlfield><datafield tag="040" ind1=" " ind2=" "><subfield code="a">Nz</subfield><subfield code="c">Nz</subfield><subfield code="f">reo</subfield></datafield><datafield tag="150" ind1=" " ind2=" "><subfield code="a">Kiriata</subfield></datafield><datafield tag="450" ind1=" " ind2=" "><subfield code="a">Pikitia</subfield></datafield><datafield tag="450" ind1=" " ind2=" "><subfield code="a">Films</subfield></datafield><datafield tag="450" ind1=" " ind2=" "><subfield code="a">Motion pictures</subfield></datafield><datafield tag="450" ind1=" " ind2=" "><subfield code="a">Movies</subfield></datafield><datafield tag="550" ind1=" " ind2=" "><subfield code="a">Kaiwhakaari</subfield></datafield><datafield tag="550" ind1=" " ind2=" "><subfield code="a">Toi whakaari</subfield></datafield><datafield tag="550" ind1=" " ind2=" "><subfield code="a">Whakaahua</subfield></datafield><datafield tag="550" ind1=" " ind2=" "><subfield code="w">g</subfield><subfield code="a">Pāpāho</subfield></datafield><datafield tag="550" ind1=" " ind2=" "><subfield code="w">h</subfield><subfield code="a">Pūoro ataata</subfield></datafield><datafield tag="680" ind1=" " ind2=" "><subfield code="i">Scope Note: Can be used for examples of films &amp; movies or for works about films &amp; movies.</subfield></datafield></record>