<record><leader>00000nz  a2200000n  4500</leader><controlfield tag="001">4283</controlfield><controlfield tag="003">NzReo</controlfield><controlfield tag="008">140902 n anznnbab|          || ana      </controlfield><datafield tag="040" ind1=" " ind2=" "><subfield code="a">Nz</subfield><subfield code="c">Nz</subfield><subfield code="f">reo</subfield></datafield><datafield tag="150" ind1=" " ind2=" "><subfield code="a">Kirihimete</subfield></datafield><datafield tag="450" ind1=" " ind2=" "><subfield code="a">Hākari nui o te ao</subfield></datafield><datafield tag="450" ind1=" " ind2=" "><subfield code="a">Christmas</subfield></datafield><datafield tag="450" ind1=" " ind2=" "><subfield code="a">Xmas</subfield></datafield><datafield tag="550" ind1=" " ind2=" "><subfield code="w">g</subfield><subfield code="a">Hāhi Karaitiana</subfield></datafield><datafield tag="550" ind1=" " ind2=" "><subfield code="w">h</subfield><subfield code="a">Hana Kōkō</subfield></datafield></record>