<record><leader>00000nz  a2200000n  4500</leader><controlfield tag="001">1139</controlfield><controlfield tag="003">NzReo</controlfield><controlfield tag="008">060331 n anznnbab|          || ana      </controlfield><datafield tag="040" ind1=" " ind2=" "><subfield code="a">Nz</subfield><subfield code="c">Nz</subfield><subfield code="f">reo</subfield></datafield><datafield tag="150" ind1=" " ind2=" "><subfield code="a">Kīwaha</subfield></datafield><datafield tag="450" ind1=" " ind2=" "><subfield code="a">Kīanga</subfield></datafield><datafield tag="450" ind1=" " ind2=" "><subfield code="a">Colloquial idioms</subfield></datafield><datafield tag="450" ind1=" " ind2=" "><subfield code="a">Idioms, Colloquial</subfield></datafield><datafield tag="450" ind1=" " ind2=" "><subfield code="a">Polite sarcasms</subfield></datafield><datafield tag="450" ind1=" " ind2=" "><subfield code="a">Sarcasms, Polite</subfield></datafield><datafield tag="550" ind1=" " ind2=" "><subfield code="a">Kīrehu</subfield></datafield><datafield tag="550" ind1=" " ind2=" "><subfield code="a">Pepeha</subfield></datafield><datafield tag="550" ind1=" " ind2=" "><subfield code="a">Whakatauākī</subfield></datafield><datafield tag="550" ind1=" " ind2=" "><subfield code="a">Whakataukī</subfield></datafield><datafield tag="550" ind1=" " ind2=" "><subfield code="w">g</subfield><subfield code="a">Kōrero</subfield></datafield><datafield tag="680" ind1=" " ind2=" "><subfield code="i">Whakamārama: "Koia, koia!" He momo kōrero tērā. Tērā pea ki te kī ake koe, "Well, well! You don't say! Really! Indeed!" He aha tā te Māori? "Koia, koia!" "Look at him will you!" Ko ērā āhuatanga katoa ka puta mai i roto i tērā kōrero. Kei te āhua kē o tō whakapuaki, o tō whakahua i taua kupu.</subfield></datafield><datafield tag="680" ind1=" " ind2=" "><subfield code="i">Scope Note: "Koia, koia!" is an example of kīwaha, e.g., "Well, well! You don't say! Really! Indeed!" and "Look at him will you!" These give emphasis to polite sarcasms.</subfield></datafield></record>