<record><leader>00000nz  a2200000n  4500</leader><controlfield tag="001">573</controlfield><controlfield tag="003">NzReo</controlfield><controlfield tag="008">050629 n anznnbab|          || ana      </controlfield><datafield tag="040" ind1=" " ind2=" "><subfield code="a">Nz</subfield><subfield code="c">Nz</subfield><subfield code="f">reo</subfield></datafield><datafield tag="150" ind1=" " ind2=" "><subfield code="a">Kiwi</subfield></datafield><datafield tag="550" ind1=" " ind2=" "><subfield code="a">Kahu kiwi</subfield></datafield><datafield tag="550" ind1=" " ind2=" "><subfield code="w">g</subfield><subfield code="a">Manu ngahere</subfield></datafield><datafield tag="680" ind1=" " ind2=" "><subfield code="i">Whakamārama: He manu haere pō, kāore e rere. He hāura ngā huruhuru, e whatungia ana ki ngā kākahu rangatira.</subfield></datafield><datafield tag="680" ind1=" " ind2=" "><subfield code="i">Scope Note: A flightless nocturnal bird with brown feathers prized for making cloaks. The kiwi kura is a form with reddish brown plumage. Apteryx australis.</subfield></datafield></record>