<record><leader>00000nz  a2200000n  4500</leader><controlfield tag="001">2602</controlfield><controlfield tag="003">NzReo</controlfield><controlfield tag="008">060607 n anznnbab|          || ana      </controlfield><datafield tag="040" ind1=" " ind2=" "><subfield code="a">Nz</subfield><subfield code="c">Nz</subfield><subfield code="f">reo</subfield></datafield><datafield tag="150" ind1=" " ind2=" "><subfield code="a">Kō</subfield></datafield><datafield tag="450" ind1=" " ind2=" "><subfield code="a">Digging sticks</subfield></datafield><datafield tag="550" ind1=" " ind2=" "><subfield code="w">g</subfield><subfield code="a">Taputapu ahu whenua</subfield></datafield><datafield tag="680" ind1=" " ind2=" "><subfield code="i">Whakamārama: He taputapu rākau hei keri i te oneone, hei ahu i te whenua. He wā anō kua mauria hei rākau mā Tū.</subfield></datafield><datafield tag="680" ind1=" " ind2=" "><subfield code="i">Scope Note: A wooden implement for digging or planting. Sometimes used as a weapon of war.</subfield></datafield></record>