<record><leader>00000nz  a2200000n  4500</leader><controlfield tag="001">617</controlfield><controlfield tag="003">NzReo</controlfield><controlfield tag="008">050714 n anznnbab|          || ana      </controlfield><datafield tag="040" ind1=" " ind2=" "><subfield code="a">Nz</subfield><subfield code="c">Nz</subfield><subfield code="f">reo</subfield></datafield><datafield tag="150" ind1=" " ind2=" "><subfield code="a">Kōauau ponga ihu</subfield></datafield><datafield tag="450" ind1=" " ind2=" "><subfield code="a">Flutes, Nose</subfield></datafield><datafield tag="450" ind1=" " ind2=" "><subfield code="a">Gourd instruments</subfield></datafield><datafield tag="450" ind1=" " ind2=" "><subfield code="a">Instruments, Gourd</subfield></datafield><datafield tag="450" ind1=" " ind2=" "><subfield code="a">Nose flutes</subfield></datafield><datafield tag="550" ind1=" " ind2=" "><subfield code="a">Hinepūtehue</subfield></datafield><datafield tag="550" ind1=" " ind2=" "><subfield code="a">Hineraukatauri</subfield></datafield><datafield tag="550" ind1=" " ind2=" "><subfield code="a">Hue</subfield></datafield><datafield tag="550" ind1=" " ind2=" "><subfield code="a">Kōauau</subfield></datafield><datafield tag="550" ind1=" " ind2=" "><subfield code="a">Nguru</subfield></datafield><datafield tag="550" ind1=" " ind2=" "><subfield code="a">Ororuarangi</subfield></datafield><datafield tag="550" ind1=" " ind2=" "><subfield code="a">Pōrutu</subfield></datafield><datafield tag="550" ind1=" " ind2=" "><subfield code="a">Pūmotomoto</subfield></datafield><datafield tag="550" ind1=" " ind2=" "><subfield code="a">Pūtōrino</subfield></datafield><datafield tag="550" ind1=" " ind2=" "><subfield code="a">Rarā</subfield></datafield><datafield tag="550" ind1=" " ind2=" "><subfield code="a">Rehu</subfield></datafield><datafield tag="550" ind1=" " ind2=" "><subfield code="w">g</subfield><subfield code="a">Taonga pūoro</subfield></datafield><datafield tag="680" ind1=" " ind2=" "><subfield code="i">Whakamārama: He pūoro hue reo reka hanga mai i te hue pakupaku no te whānau o Hinepūtehuē. Ma te ihu e whakatangi kupu tawhito.</subfield></datafield><datafield tag="680" ind1=" " ind2=" "><subfield code="i">Scope Note: These sweet sounding instruments are made from very small gourds belonging to the family of gourds whose guardian is Hinepūtehuē. This is a traditional nose flute.</subfield></datafield></record>