<record><leader>00000nz  a2200000n  4500</leader><controlfield tag="001">1326</controlfield><controlfield tag="003">NzReo</controlfield><controlfield tag="008">060511 n anznnbab|          || ana      </controlfield><datafield tag="040" ind1=" " ind2=" "><subfield code="a">Nz</subfield><subfield code="c">Nz</subfield><subfield code="f">reo</subfield></datafield><datafield tag="150" ind1=" " ind2=" "><subfield code="a">Koekoeā</subfield></datafield><datafield tag="450" ind1=" " ind2=" "><subfield code="a">Koehoperoa</subfield></datafield><datafield tag="450" ind1=" " ind2=" "><subfield code="a">Cuckoos, Long-tailed</subfield></datafield><datafield tag="450" ind1=" " ind2=" "><subfield code="a">Long-tailed cuckoos</subfield></datafield><datafield tag="550" ind1=" " ind2=" "><subfield code="w">g</subfield><subfield code="a">Manu ngahere</subfield></datafield><datafield tag="680" ind1=" " ind2=" "><subfield code="i">Whakamārama: He manu ka pīrere. He hāura kōtiwhatiwha ngā huruhuru, he roa he tāwakawaka te kurutou. Whakawhānau ke ai ngā hua i te kōhanga o te pōpokotea.</subfield></datafield><datafield tag="680" ind1=" " ind2=" "><subfield code="i">Scope Note: A migrating forest bird with mottled brown plumage and a long barred tail. This bird lays its egg in the nest of the pōpokotea/whitehead. Eudynamis taitensis.</subfield></datafield></record>