<record><leader>00000nz  a2200000n  4500</leader><controlfield tag="001">1063</controlfield><controlfield tag="003">NzReo</controlfield><controlfield tag="008">050831 n anznnbab|          || ana      </controlfield><datafield tag="040" ind1=" " ind2=" "><subfield code="a">Nz</subfield><subfield code="c">Nz</subfield><subfield code="f">reo</subfield></datafield><datafield tag="150" ind1=" " ind2=" "><subfield code="a">Kōhanga reo</subfield></datafield><datafield tag="450" ind1=" " ind2=" "><subfield code="a">Early childhood education (Māori)</subfield></datafield><datafield tag="450" ind1=" " ind2=" "><subfield code="a">Māori early childhood education</subfield></datafield><datafield tag="450" ind1=" " ind2=" "><subfield code="a">Māori pre-schools</subfield></datafield><datafield tag="450" ind1=" " ind2=" "><subfield code="a">Pre-schools (Māori)</subfield></datafield><datafield tag="550" ind1=" " ind2=" "><subfield code="a">Ako</subfield></datafield><datafield tag="550" ind1=" " ind2=" "><subfield code="a">Kōhungahunga</subfield></datafield><datafield tag="550" ind1=" " ind2=" "><subfield code="a">Kura pūhou</subfield></datafield><datafield tag="550" ind1=" " ind2=" "><subfield code="a">Pēpē</subfield></datafield><datafield tag="550" ind1=" " ind2=" "><subfield code="a">Reo Māori</subfield></datafield><datafield tag="550" ind1=" " ind2=" "><subfield code="a">Tamariki nohinohi</subfield></datafield><datafield tag="550" ind1=" " ind2=" "><subfield code="w">g</subfield><subfield code="a">Waihanga</subfield></datafield><datafield tag="680" ind1=" " ind2=" "><subfield code="i">Whakamārama: He wāhi tiaki tamariki kei raro iho i te rima ki te ono tau te pakeke, e noho ai ko te reo Māori te reo kawe i ngā mahi katoa.</subfield></datafield><datafield tag="680" ind1=" " ind2=" "><subfield code="i">Scope Note: Places where pre-schoolers aged up to 5 or 6 years are nurtured and cared for in a Māori language environment. See also: Kura pūhou (Mainstream pre-schools).</subfield></datafield></record>