<record><leader>00000nz  a2200000n  4500</leader><controlfield tag="001">2489</controlfield><controlfield tag="003">NzReo</controlfield><controlfield tag="008">060531 n anznnbab|          || ana      </controlfield><datafield tag="040" ind1=" " ind2=" "><subfield code="a">Nz</subfield><subfield code="c">Nz</subfield><subfield code="f">reo</subfield></datafield><datafield tag="150" ind1=" " ind2=" "><subfield code="a">Kōhatu</subfield></datafield><datafield tag="450" ind1=" " ind2=" "><subfield code="a">Kōwhatu</subfield></datafield><datafield tag="450" ind1=" " ind2=" "><subfield code="a">Pōhatu</subfield></datafield><datafield tag="450" ind1=" " ind2=" "><subfield code="a">Pōwhatu</subfield></datafield><datafield tag="450" ind1=" " ind2=" "><subfield code="a">Stone</subfield></datafield><datafield tag="550" ind1=" " ind2=" "><subfield code="a">Toka-ā-nuku</subfield></datafield><datafield tag="550" ind1=" " ind2=" "><subfield code="w">g</subfield><subfield code="a">Pūtaiao</subfield></datafield><datafield tag="550" ind1=" " ind2=" "><subfield code="w">h</subfield><subfield code="a">Hōanga</subfield></datafield><datafield tag="550" ind1=" " ind2=" "><subfield code="w">h</subfield><subfield code="a">Kiripaka</subfield></datafield><datafield tag="550" ind1=" " ind2=" "><subfield code="w">h</subfield><subfield code="a">Koropungapunga</subfield></datafield><datafield tag="550" ind1=" " ind2=" "><subfield code="w">h</subfield><subfield code="a">Makohekohe</subfield></datafield><datafield tag="550" ind1=" " ind2=" "><subfield code="w">h</subfield><subfield code="a">Matā</subfield></datafield><datafield tag="550" ind1=" " ind2=" "><subfield code="w">h</subfield><subfield code="a">Pounamu</subfield></datafield><datafield tag="550" ind1=" " ind2=" "><subfield code="w">h</subfield><subfield code="a">Tūhua</subfield></datafield><datafield tag="680" ind1=" " ind2=" "><subfield code="i">Whakamārama: He ingoa kārangaranga tēnei mō ngā momo ko¯hatu.</subfield></datafield><datafield tag="680" ind1=" " ind2=" "><subfield code="i">Scope Note: A general term for stone as a substance.</subfield></datafield></record>