<record><leader>00000nz  a2200000n  4500</leader><controlfield tag="001">2034</controlfield><controlfield tag="003">NzReo</controlfield><controlfield tag="008">060524 n anznnbab|          || ana      </controlfield><datafield tag="040" ind1=" " ind2=" "><subfield code="a">Nz</subfield><subfield code="c">Nz</subfield><subfield code="f">reo</subfield></datafield><datafield tag="150" ind1=" " ind2=" "><subfield code="a">Kohekohe</subfield></datafield><datafield tag="550" ind1=" " ind2=" "><subfield code="w">g</subfield><subfield code="a">Rākau whakauru</subfield></datafield><datafield tag="680" ind1=" " ind2=" "><subfield code="i">Whakamārama: He rarahi ngā tawhera o tēnei rākau. Puta tonu ake nga rārā me ngā pua i te tiwai. He kāriki te hua, kia māoa ka tītore, ka kitea he whero te kiko.</subfield></datafield><datafield tag="680" ind1=" " ind2=" "><subfield code="i">Scope Note: A tree with large compound leaves and the flower branchlets growing directly out of the trunk. The fruit is green with reddish-orange seed-coverings. Dysoxylum spectabile.</subfield></datafield></record>