<record><leader>00000nz  a2200000n  4500</leader><controlfield tag="001">2259</controlfield><controlfield tag="003">NzReo</controlfield><controlfield tag="008">060531 n anznnbab|          || ana      </controlfield><datafield tag="040" ind1=" " ind2=" "><subfield code="a">Nz</subfield><subfield code="c">Nz</subfield><subfield code="f">reo</subfield></datafield><datafield tag="150" ind1=" " ind2=" "><subfield code="a">Kohere</subfield></datafield><datafield tag="450" ind1=" " ind2=" "><subfield code="a">Kaitahutahu arikinui</subfield></datafield><datafield tag="550" ind1=" " ind2=" "><subfield code="w">g</subfield><subfield code="a">Ariki</subfield></datafield><datafield tag="680" ind1=" " ind2=" "><subfield code="i">Whakamārama: Ka riro atu ki tētahi he rangatiratanga mo tētahi iwi.</subfield></datafield><datafield tag="680" ind1=" " ind2=" "><subfield code="i">Scope Note: A name for a chief put in charge of a tribal area.</subfield></datafield></record>