<record><leader>00000nz  a2200000n  4500</leader><controlfield tag="001">2915</controlfield><controlfield tag="003">NzReo</controlfield><controlfield tag="008">091106 n anznnbab|          || ana      </controlfield><datafield tag="040" ind1=" " ind2=" "><subfield code="a">Nz</subfield><subfield code="c">Nz</subfield><subfield code="f">reo</subfield></datafield><datafield tag="150" ind1=" " ind2=" "><subfield code="a">Kōhungahunga</subfield></datafield><datafield tag="450" ind1=" " ind2=" "><subfield code="a">Kōngahungahu</subfield></datafield><datafield tag="450" ind1=" " ind2=" "><subfield code="a">Pre-schoolers</subfield></datafield><datafield tag="550" ind1=" " ind2=" "><subfield code="a">Kōhanga reo</subfield></datafield><datafield tag="550" ind1=" " ind2=" "><subfield code="a">Kura pūhou</subfield></datafield><datafield tag="550" ind1=" " ind2=" "><subfield code="a">Tamariki</subfield></datafield><datafield tag="550" ind1=" " ind2=" "><subfield code="a">Tamariki nohinohi</subfield></datafield><datafield tag="550" ind1=" " ind2=" "><subfield code="w">g</subfield><subfield code="a">Whānau</subfield></datafield><datafield tag="680" ind1=" " ind2=" "><subfield code="i">Whakamārama: He tamaiti i ōna tau tuatahi ki tēnei ao, i mua i tōna haerenga ki te kura kaupapa, ki te kura tuatahi rānei.</subfield></datafield><datafield tag="680" ind1=" " ind2=" "><subfield code="i">Scope Note: Pre-school children aged 3-5, kindergarten. See also: Tamariki nohinohi (Toddlers) and Tamariki (Children, 5-12).</subfield></datafield></record>