<record><leader>00000nz  a2200000n  4500</leader><controlfield tag="001">1452</controlfield><controlfield tag="003">NzReo</controlfield><controlfield tag="008">060511 n anznnbab|          || ana      </controlfield><datafield tag="040" ind1=" " ind2=" "><subfield code="a">Nz</subfield><subfield code="c">Nz</subfield><subfield code="f">reo</subfield></datafield><datafield tag="150" ind1=" " ind2=" "><subfield code="a">Koitareke</subfield></datafield><datafield tag="450" ind1=" " ind2=" "><subfield code="a">Kāreke</subfield></datafield><datafield tag="450" ind1=" " ind2=" "><subfield code="a">Crakes, Marsh</subfield></datafield><datafield tag="450" ind1=" " ind2=" "><subfield code="a">Marsh crakes</subfield></datafield><datafield tag="550" ind1=" " ind2=" "><subfield code="w">g</subfield><subfield code="a">Manu repo</subfield></datafield><datafield tag="680" ind1=" " ind2=" "><subfield code="i">Whakamārama: He manu itiiti, whakamokeke o te repo. He hāura te tuara, he hina te poho, he mā he mangu ngā tāwakawaka o te puku me ngā papa. Ko ngā waewae he karikikaho.</subfield></datafield><datafield tag="680" ind1=" " ind2=" "><subfield code="i">Scope Note: A small secretive rail living in swamps. The legs are yellowish green, the breast is grey, the back is brown and the flanks and belly are barred with black and white. Porzana pusilla affinis.</subfield></datafield></record>