<record><leader>00000nz  a2200000n  4500</leader><controlfield tag="001">1332</controlfield><controlfield tag="003">NzReo</controlfield><controlfield tag="008">060511 n anznnbab|          || ana      </controlfield><datafield tag="040" ind1=" " ind2=" "><subfield code="a">Nz</subfield><subfield code="c">Nz</subfield><subfield code="f">reo</subfield></datafield><datafield tag="150" ind1=" " ind2=" "><subfield code="a">Kōkako</subfield></datafield><datafield tag="450" ind1=" " ind2=" "><subfield code="a">Blue wattled crows</subfield></datafield><datafield tag="450" ind1=" " ind2=" "><subfield code="a">Crows, Blue wattled</subfield></datafield><datafield tag="550" ind1=" " ind2=" "><subfield code="w">g</subfield><subfield code="a">Manu ngahere</subfield></datafield><datafield tag="680" ind1=" " ind2=" "><subfield code="i">Whakamārama: He manu nō te ngāhere, he rahi, he hina ngā huruhuru. He ōrangi kita ngā werewere kei ngā taha ō ngā ngutu. He reo reka, maturuturu.</subfield></datafield><datafield tag="680" ind1=" " ind2=" "><subfield code="i">Scope Note: A large grey forest bird with a pure-toned call. The wattles beside the bill are bright blue. Callaeas cinerea wilsoni.</subfield></datafield></record>