<record><leader>00000nz  a2200000n  4500</leader><controlfield tag="001">1664</controlfield><controlfield tag="003">NzReo</controlfield><controlfield tag="008">060524 n anznnbab|          || ana      </controlfield><datafield tag="040" ind1=" " ind2=" "><subfield code="a">Nz</subfield><subfield code="c">Nz</subfield><subfield code="f">reo</subfield></datafield><datafield tag="150" ind1=" " ind2=" "><subfield code="a">Kōkōmuka tāranga</subfield></datafield><datafield tag="450" ind1=" " ind2=" "><subfield code="a">Kōkōmuka-tu-tara-whare</subfield></datafield><datafield tag="450" ind1=" " ind2=" "><subfield code="a">Koromiko tāranga</subfield></datafield><datafield tag="450" ind1=" " ind2=" "><subfield code="a">Longleaved pimelia</subfield></datafield><datafield tag="550" ind1=" " ind2=" "><subfield code="w">g</subfield><subfield code="a">Mauwha</subfield></datafield><datafield tag="680" ind1=" " ind2=" "><subfield code="i">Whakamārama: He mauwha. Ko ngā rau he whāiti, he kokoi, he ririki, he kerehunga. He rite ngā puhui ki o te mairehau.</subfield></datafield><datafield tag="680" ind1=" " ind2=" "><subfield code="i">Scope Note: A shrub with small, narrow, pointed leaves covered with silky hairs and small clusters of flowers. Pimelea longiflora. Hebe parviflora.</subfield></datafield></record>