<record><leader>00000nz  a2200000n  4500</leader><controlfield tag="001">3646</controlfield><controlfield tag="003">NzReo</controlfield><controlfield tag="008">110603 n anznnbab|          || ana      </controlfield><datafield tag="040" ind1=" " ind2=" "><subfield code="a">Nz</subfield><subfield code="c">Nz</subfield><subfield code="f">reo</subfield></datafield><datafield tag="150" ind1=" " ind2=" "><subfield code="a">Kōmihana a te Karauna</subfield></datafield><datafield tag="450" ind1=" " ind2=" "><subfield code="a">Kōmihana pakirehua</subfield></datafield><datafield tag="450" ind1=" " ind2=" "><subfield code="a">Kōmihana roera</subfield></datafield><datafield tag="450" ind1=" " ind2=" "><subfield code="a">Kōmihana uiui</subfield></datafield><datafield tag="450" ind1=" " ind2=" "><subfield code="a">Commissions of Inquiry</subfield></datafield><datafield tag="450" ind1=" " ind2=" "><subfield code="a">Royal commissions</subfield></datafield><datafield tag="550" ind1=" " ind2=" "><subfield code="a">Kāwanatanga</subfield></datafield><datafield tag="550" ind1=" " ind2=" "><subfield code="w">g</subfield><subfield code="a">Ture o te Kāwanatanga</subfield></datafield><datafield tag="680" ind1=" " ind2=" "><subfield code="i">Whakamārama: Ka whakamanatia ngā Kōmihana a te Karauna i raro i te ture Commissions of Inquiry Act 1908, ā, kia taea ai te patapatai i ngā āhuatanga whai take ki mua i te aroaro o te Kāwanatanga o te rā e pā ana ki ngā hapori katoa o Aotearoa.</subfield></datafield><datafield tag="680" ind1=" " ind2=" "><subfield code="i">Scope Note: Royal commissions and Commissions of Inquiry are established under the Commissions of Inquiry Act 1908, and, are able to inquire into any matter of major public importance or concern to the Government of the day.</subfield></datafield></record>