<record><leader>00000nz  a2200000n  4500</leader><controlfield tag="001">4191</controlfield><controlfield tag="003">NzReo</controlfield><controlfield tag="008">131015 n anznnbab|          || ana      </controlfield><datafield tag="040" ind1=" " ind2=" "><subfield code="a">Nz</subfield><subfield code="c">Nz</subfield><subfield code="f">reo</subfield></datafield><datafield tag="150" ind1=" " ind2=" "><subfield code="a">Kōpae hikohiko</subfield></datafield><datafield tag="450" ind1=" " ind2=" "><subfield code="a">Kōpaepae hikohiko</subfield></datafield><datafield tag="450" ind1=" " ind2=" "><subfield code="a">CD-ROMs</subfield></datafield><datafield tag="550" ind1=" " ind2=" "><subfield code="a">Hangarau mōhiohio</subfield></datafield><datafield tag="550" ind1=" " ind2=" "><subfield code="w">g</subfield><subfield code="a">Taputapu</subfield></datafield><datafield tag="680" ind1=" " ind2=" "><subfield code="i">Whakamārama: He taputapu āhua CD-ROM, PDF, me ērā atu mea.</subfield></datafield><datafield tag="680" ind1=" " ind2=" "><subfield code="i">Scope Note: CD-ROMs with PDFS, games, educational materials, etc. Can be used for examples of CD-ROMs or for works about CD-ROMs.</subfield></datafield></record>