<record><leader>00000nz  a2200000n  4500</leader><controlfield tag="001">2689</controlfield><controlfield tag="003">NzReo</controlfield><controlfield tag="008">060607 n anznnbab|          || ana      </controlfield><datafield tag="040" ind1=" " ind2=" "><subfield code="a">Nz</subfield><subfield code="c">Nz</subfield><subfield code="f">reo</subfield></datafield><datafield tag="150" ind1=" " ind2=" "><subfield code="a">Kōpakopako</subfield></datafield><datafield tag="450" ind1=" " ind2=" "><subfield code="a">Conger eels, Silver</subfield></datafield><datafield tag="450" ind1=" " ind2=" "><subfield code="a">Eels, Silver conger</subfield></datafield><datafield tag="450" ind1=" " ind2=" "><subfield code="a">Silver conger eels</subfield></datafield><datafield tag="550" ind1=" " ind2=" "><subfield code="w">g</subfield><subfield code="a">Tuna</subfield></datafield><datafield tag="680" ind1=" " ind2=" "><subfield code="i">Whakamārama: He tuna pērā i te ngoiro iti, he nunui, he kākonu ngā karu.</subfield></datafield><datafield tag="680" ind1=" " ind2=" "><subfield code="i">Scope Note: An eel like a small ngoiro/conger eel with a large bright silvery eye. Gnathophis habenatus.</subfield></datafield></record>