<record><leader>00000nz  a2200000n  4500</leader><controlfield tag="001">891</controlfield><controlfield tag="003">NzReo</controlfield><controlfield tag="008">050831 n anznnbab|          || ana      </controlfield><datafield tag="040" ind1=" " ind2=" "><subfield code="a">Nz</subfield><subfield code="c">Nz</subfield><subfield code="f">reo</subfield></datafield><datafield tag="150" ind1=" " ind2=" "><subfield code="a">Kōpū (Whetū kōkiri)</subfield></datafield><datafield tag="450" ind1=" " ind2=" "><subfield code="a">Tuwera o te ata</subfield></datafield><datafield tag="450" ind1=" " ind2=" "><subfield code="a">Venus</subfield></datafield><datafield tag="550" ind1=" " ind2=" "><subfield code="a">Meremere</subfield></datafield><datafield tag="550" ind1=" " ind2=" "><subfield code="a">Tarewa</subfield></datafield><datafield tag="550" ind1=" " ind2=" "><subfield code="w">g</subfield><subfield code="a">Whetū kōkori</subfield></datafield></record>