<record><leader>00000nz  a2200000n  4500</leader><controlfield tag="001">2835</controlfield><controlfield tag="003">NzReo</controlfield><controlfield tag="008">091027 n anznnbab|          || ana      </controlfield><datafield tag="040" ind1=" " ind2=" "><subfield code="a">Nz</subfield><subfield code="c">Nz</subfield><subfield code="f">reo</subfield></datafield><datafield tag="150" ind1=" " ind2=" "><subfield code="a">Kōpukupuku</subfield></datafield><datafield tag="450" ind1=" " ind2=" "><subfield code="a">German measles</subfield></datafield><datafield tag="450" ind1=" " ind2=" "><subfield code="a">Measles, German</subfield></datafield><datafield tag="450" ind1=" " ind2=" "><subfield code="a">Rubella</subfield></datafield><datafield tag="550" ind1=" " ind2=" "><subfield code="a">Karawaka</subfield></datafield><datafield tag="550" ind1=" " ind2=" "><subfield code="w">g</subfield><subfield code="a">Tahumaero</subfield></datafield><datafield tag="680" ind1=" " ind2=" "><subfield code="i">Scope Note: Rubella or German measles. See also: Measles.</subfield></datafield></record>