<record><leader>00000nz  a2200000n  4500</leader><controlfield tag="001">1119</controlfield><controlfield tag="003">NzReo</controlfield><controlfield tag="008">060331 n anznnbab|          || ana      </controlfield><datafield tag="040" ind1=" " ind2=" "><subfield code="a">Nz</subfield><subfield code="c">Nz</subfield><subfield code="f">reo</subfield></datafield><datafield tag="150" ind1=" " ind2=" "><subfield code="a">Kōrero nehe</subfield></datafield><datafield tag="450" ind1=" " ind2=" "><subfield code="a">Hītori</subfield></datafield><datafield tag="450" ind1=" " ind2=" "><subfield code="a">Kōrero ō mua</subfield></datafield><datafield tag="450" ind1=" " ind2=" "><subfield code="a">Kōrero o neherā</subfield></datafield><datafield tag="450" ind1=" " ind2=" "><subfield code="a">Kōrero onamata</subfield></datafield><datafield tag="450" ind1=" " ind2=" "><subfield code="a">Tāhuhu kōrero</subfield></datafield><datafield tag="450" ind1=" " ind2=" "><subfield code="a">Ancient stories</subfield></datafield><datafield tag="450" ind1=" " ind2=" "><subfield code="a">History</subfield></datafield><datafield tag="450" ind1=" " ind2=" "><subfield code="a">Stories, Ancient</subfield></datafield><datafield tag="550" ind1=" " ind2=" "><subfield code="a">Rangahau</subfield></datafield><datafield tag="550" ind1=" " ind2=" "><subfield code="a">Te Ao Tāwhito</subfield></datafield><datafield tag="550" ind1=" " ind2=" "><subfield code="a">Tumu kōrero</subfield></datafield><datafield tag="550" ind1=" " ind2=" "><subfield code="w">g</subfield><subfield code="a">Kōrero</subfield></datafield><datafield tag="680" ind1=" " ind2=" "><subfield code="i">Whakamārama: Ngā kōrero o neherā.</subfield></datafield><datafield tag="680" ind1=" " ind2=" "><subfield code="i">Scope Note: Stories of the past. See also Tumu kōrero (Historians).</subfield></datafield></record>