<record><leader>00000nz  a2200000n  4500</leader><controlfield tag="001">3844</controlfield><controlfield tag="003">NzReo</controlfield><controlfield tag="008">111215 n anznnbab|          || ana      </controlfield><datafield tag="040" ind1=" " ind2=" "><subfield code="a">Nz</subfield><subfield code="c">Nz</subfield><subfield code="f">reo</subfield></datafield><datafield tag="150" ind1=" " ind2=" "><subfield code="a">Kōrero paki</subfield></datafield><datafield tag="450" ind1=" " ind2=" "><subfield code="a">Kōrero katakata</subfield></datafield><datafield tag="450" ind1=" " ind2=" "><subfield code="a">Comedy</subfield></datafield><datafield tag="450" ind1=" " ind2=" "><subfield code="a">Funny stories</subfield></datafield><datafield tag="450" ind1=" " ind2=" "><subfield code="a">Humorous stories</subfield></datafield><datafield tag="450" ind1=" " ind2=" "><subfield code="a">Stories, Funny</subfield></datafield><datafield tag="450" ind1=" " ind2=" "><subfield code="a">Stories, Humorous</subfield></datafield><datafield tag="550" ind1=" " ind2=" "><subfield code="w">g</subfield><subfield code="a">Kōrero</subfield></datafield></record>