<record><leader>00000nz  a2200000n  4500</leader><controlfield tag="001">3952</controlfield><controlfield tag="003">NzReo</controlfield><controlfield tag="008">120113 n anznnbab|          || ana      </controlfield><datafield tag="040" ind1=" " ind2=" "><subfield code="a">Nz</subfield><subfield code="c">Nz</subfield><subfield code="f">reo</subfield></datafield><datafield tag="150" ind1=" " ind2=" "><subfield code="a">Kōrero paki mā ngā tamariki</subfield></datafield><datafield tag="450" ind1=" " ind2=" "><subfield code="a">Pakimaero tamariki</subfield></datafield><datafield tag="450" ind1=" " ind2=" "><subfield code="a">Children's fiction</subfield></datafield><datafield tag="450" ind1=" " ind2=" "><subfield code="a">Children's stories</subfield></datafield><datafield tag="450" ind1=" " ind2=" "><subfield code="a">Fiction, Children's</subfield></datafield><datafield tag="450" ind1=" " ind2=" "><subfield code="a">Stories, Children's</subfield></datafield><datafield tag="550" ind1=" " ind2=" "><subfield code="a">Pakiwaitara</subfield></datafield><datafield tag="550" ind1=" " ind2=" "><subfield code="a">Tamariki</subfield></datafield><datafield tag="550" ind1=" " ind2=" "><subfield code="w">g</subfield><subfield code="a">Tuhinga kōrero</subfield></datafield><datafield tag="680" ind1=" " ind2=" "><subfield code="i">Whakamārama: He momo kōrero i tuhia mā ngā tamariki.</subfield></datafield><datafield tag="680" ind1=" " ind2=" "><subfield code="i">Scope Note: Children's stories including fiction and legendary stories. See also Pakiwaitara (Fiction).</subfield></datafield></record>