<record><leader>00000nz  a2200000n  4500</leader><controlfield tag="001">2805</controlfield><controlfield tag="003">NzReo</controlfield><controlfield tag="008">071212 n anznnbab|          || ana      </controlfield><datafield tag="040" ind1=" " ind2=" "><subfield code="a">Nz</subfield><subfield code="c">Nz</subfield><subfield code="f">reo</subfield></datafield><datafield tag="150" ind1=" " ind2=" "><subfield code="a">Kōrero pukapuka</subfield></datafield><datafield tag="450" ind1=" " ind2=" "><subfield code="a">Reading</subfield></datafield><datafield tag="550" ind1=" " ind2=" "><subfield code="w">g</subfield><subfield code="a">Kōrero</subfield></datafield><datafield tag="550" ind1=" " ind2=" "><subfield code="w">h</subfield><subfield code="a">Mōhio ki te kōrero pukapuka</subfield></datafield><datafield tag="680" ind1=" " ind2=" "><subfield code="i">Whakamārama: Te mōhio me te mātau hoki ki te pānui i ngā kōrero o te pukapuka.</subfield></datafield><datafield tag="680" ind1=" " ind2=" "><subfield code="i">Scope Note: The ability to read and to understand what is being read.</subfield></datafield></record>