<record><leader>00000nz  a2200000n  4500</leader><controlfield tag="001">2841</controlfield><controlfield tag="003">NzReo</controlfield><controlfield tag="008">071213 n anznnbab|          || ana      </controlfield><datafield tag="040" ind1=" " ind2=" "><subfield code="a">Nz</subfield><subfield code="c">Nz</subfield><subfield code="f">reo</subfield></datafield><datafield tag="150" ind1=" " ind2=" "><subfield code="a">Kōrero taumata</subfield></datafield><datafield tag="450" ind1=" " ind2=" "><subfield code="a">Haurongo</subfield></datafield><datafield tag="450" ind1=" " ind2=" "><subfield code="a">Kōrero tangata</subfield></datafield><datafield tag="450" ind1=" " ind2=" "><subfield code="a">Biographies</subfield></datafield><datafield tag="450" ind1=" " ind2=" "><subfield code="a">Life stories</subfield></datafield><datafield tag="550" ind1=" " ind2=" "><subfield code="a">Tāngata</subfield></datafield><datafield tag="550" ind1=" " ind2=" "><subfield code="a">Whakapapa</subfield></datafield><datafield tag="550" ind1=" " ind2=" "><subfield code="w">g</subfield><subfield code="a">Tuhinga kōrero</subfield></datafield><datafield tag="680" ind1=" " ind2=" "><subfield code="i">Scope Note: Can be used for examples of biographies &amp; life stories or for works about biographies &amp; life stories.</subfield></datafield></record>