<record><leader>00000nz  a2200000n  4500</leader><controlfield tag="001">1330</controlfield><controlfield tag="003">NzReo</controlfield><controlfield tag="008">060511 n anznnbab|          || ana      </controlfield><datafield tag="040" ind1=" " ind2=" "><subfield code="a">Nz</subfield><subfield code="c">Nz</subfield><subfield code="f">reo</subfield></datafield><datafield tag="150" ind1=" " ind2=" "><subfield code="a">Korimako</subfield></datafield><datafield tag="450" ind1=" " ind2=" "><subfield code="a">Bellbirds</subfield></datafield><datafield tag="550" ind1=" " ind2=" "><subfield code="w">g</subfield><subfield code="a">Manu ngahere</subfield></datafield><datafield tag="680" ind1=" " ind2=" "><subfield code="i">Whakamārama: He manu koriki, reo reka. He autaia te rahi. Ko te tame he porouri te māhunga, he kāriki te tuara, me te uma, he kārikikaho te puku. He hāuratea te uwha.</subfield></datafield><datafield tag="680" ind1=" " ind2=" "><subfield code="i">Scope Note: A medium-sized bird with a beautiful song. The male and female differ in colour. The male bird has a purplish head, greenish back and breast and yellowish underparts. The female is brownish. Anthornis melanura.</subfield></datafield></record>