<record><leader>00000nz  a2200000n  4500</leader><controlfield tag="001">1632</controlfield><controlfield tag="003">NzReo</controlfield><controlfield tag="008">060524 n anznnbab|          || ana      </controlfield><datafield tag="040" ind1=" " ind2=" "><subfield code="a">Nz</subfield><subfield code="c">Nz</subfield><subfield code="f">reo</subfield></datafield><datafield tag="150" ind1=" " ind2=" "><subfield code="a">Korokio tāranga</subfield></datafield><datafield tag="550" ind1=" " ind2=" "><subfield code="w">g</subfield><subfield code="a">Mauwha</subfield></datafield><datafield tag="680" ind1=" " ind2=" "><subfield code="i">Whakamārama: He mauwha, he rite ngā rau ki o te tawa. He ririki, he kōwhai ngā pūhui pua, he ririki anō ngā hua, he kurauri.</subfield></datafield><datafield tag="680" ind1=" " ind2=" "><subfield code="i">Scope Note: A shrub with narrow pointed leaves, small clusters of yellow flowers and small dark red berries. Corokia buddleioides.</subfield></datafield></record>