<record><leader>00000nz  a2200000n  4500</leader><controlfield tag="001">2611</controlfield><controlfield tag="003">NzReo</controlfield><controlfield tag="008">060607 n anznnbab|          || ana      </controlfield><datafield tag="040" ind1=" " ind2=" "><subfield code="a">Nz</subfield><subfield code="c">Nz</subfield><subfield code="f">reo</subfield></datafield><datafield tag="150" ind1=" " ind2=" "><subfield code="a">Korokoropounamu</subfield></datafield><datafield tag="450" ind1=" " ind2=" "><subfield code="a">Karokaropounamu</subfield></datafield><datafield tag="450" ind1=" " ind2=" "><subfield code="a">Bluefishes</subfield></datafield><datafield tag="550" ind1=" " ind2=" "><subfield code="w">g</subfield><subfield code="a">Ika moana</subfield></datafield><datafield tag="680" ind1=" " ind2=" "><subfield code="i">Whakamārama: He ika nui, he rite ki te parore engari he ōrangi kita, he pīngao ngā kōiraira o te tinana.</subfield></datafield><datafield tag="680" ind1=" " ind2=" "><subfield code="i">Scope Note: A large fish resembling parore/mangrove fish but bright blue with scattered golden dots. Girella cyanea.</subfield></datafield></record>