<record><leader>00000nz  a2200000n  4500</leader><controlfield tag="001">1623</controlfield><controlfield tag="003">NzReo</controlfield><controlfield tag="008">060524 n anznnbab|          || ana      </controlfield><datafield tag="040" ind1=" " ind2=" "><subfield code="a">Nz</subfield><subfield code="c">Nz</subfield><subfield code="f">reo</subfield></datafield><datafield tag="150" ind1=" " ind2=" "><subfield code="a">Koromiko</subfield></datafield><datafield tag="550" ind1=" " ind2=" "><subfield code="w">g</subfield><subfield code="a">Mauwha</subfield></datafield><datafield tag="680" ind1=" " ind2=" "><subfield code="i">Whakamārama: He mauwha, he pūrua, he hokohoko te takoto o ngā rau i te tātā. Ko ngā pua he ririki, he mā, he wherotea rānei.</subfield></datafield><datafield tag="680" ind1=" " ind2=" "><subfield code="i">Scope Note: Shrubs with the pairs of opposite leaves alternating to make a four sided arrangement. This term is used for several similar species such as Hebe stricta and Hebe salicifolia.</subfield></datafield></record>