<record><leader>00000nz  a2200000n  4500</leader><controlfield tag="001">1280</controlfield><controlfield tag="003">NzReo</controlfield><controlfield tag="008">060503 n anznnbab|          || ana      </controlfield><datafield tag="040" ind1=" " ind2=" "><subfield code="a">Nz</subfield><subfield code="c">Nz</subfield><subfield code="f">reo</subfield></datafield><datafield tag="150" ind1=" " ind2=" "><subfield code="a">Koropepe</subfield></datafield><datafield tag="450" ind1=" " ind2=" "><subfield code="a">Adornments (Coiled creatures)</subfield></datafield><datafield tag="450" ind1=" " ind2=" "><subfield code="a">Jewellery (Coiled creatures)</subfield></datafield><datafield tag="550" ind1=" " ind2=" "><subfield code="a">Manaia</subfield></datafield><datafield tag="550" ind1=" " ind2=" "><subfield code="w">g</subfield><subfield code="a">Whakakai</subfield></datafield><datafield tag="680" ind1=" " ind2=" "><subfield code="i">Whakamārama: Ko te āhuatanga o tēnei whakakai e rite tonu ki te manaia engari he powhitawhita tana tīnana.</subfield></datafield><datafield tag="680" ind1=" " ind2=" "><subfield code="i">Scope Note: A manaia-headed (beaked) coiled creature used as a neck adornment.</subfield></datafield></record>