<record><leader>00000nz  a2200000n  4500</leader><controlfield tag="001">2599</controlfield><controlfield tag="003">NzReo</controlfield><controlfield tag="008">060601 n anznnbab|          || ana      </controlfield><datafield tag="040" ind1=" " ind2=" "><subfield code="a">Nz</subfield><subfield code="c">Nz</subfield><subfield code="f">reo</subfield></datafield><datafield tag="150" ind1=" " ind2=" "><subfield code="a">Koropungapunga</subfield></datafield><datafield tag="450" ind1=" " ind2=" "><subfield code="a">Pungapunga</subfield></datafield><datafield tag="450" ind1=" " ind2=" "><subfield code="a">Pumice</subfield></datafield><datafield tag="550" ind1=" " ind2=" "><subfield code="w">g</subfield><subfield code="a">Kōhatu</subfield></datafield><datafield tag="680" ind1=" " ind2=" "><subfield code="i">Whakamārama: He kōhatu ngāwariwari, pōareare.</subfield></datafield><datafield tag="680" ind1=" " ind2=" "><subfield code="i">Scope Note: A common term for pumice.</subfield></datafield></record>