<record><leader>00000nz  a2200000n  4500</leader><controlfield tag="001">1399</controlfield><controlfield tag="003">NzReo</controlfield><controlfield tag="008">060511 n anznnbab|          || ana      </controlfield><datafield tag="040" ind1=" " ind2=" "><subfield code="a">Nz</subfield><subfield code="c">Nz</subfield><subfield code="f">reo</subfield></datafield><datafield tag="150" ind1=" " ind2=" "><subfield code="a">Kororā</subfield></datafield><datafield tag="450" ind1=" " ind2=" "><subfield code="a">Little blue penguins</subfield></datafield><datafield tag="450" ind1=" " ind2=" "><subfield code="a">Penguins, Little blue</subfield></datafield><datafield tag="550" ind1=" " ind2=" "><subfield code="w">g</subfield><subfield code="a">Manu moana</subfield></datafield><datafield tag="680" ind1=" " ind2=" "><subfield code="i">Whakamārama: He manu moana itiiti. Mā tonu te uma, te poho, he ōrangi kākonu te pane me te tuara.</subfield></datafield><datafield tag="680" ind1=" " ind2=" "><subfield code="i">Scope Note: A small penguin with a white underside and metallic blue back and crown. Eudyptula minor.</subfield></datafield></record>