<record><leader>00000nz  a2200000n  4500</leader><controlfield tag="001">2268</controlfield><controlfield tag="003">NzReo</controlfield><controlfield tag="008">060531 n anznnbab|          || ana      </controlfield><datafield tag="040" ind1=" " ind2=" "><subfield code="a">Nz</subfield><subfield code="c">Nz</subfield><subfield code="f">reo</subfield></datafield><datafield tag="150" ind1=" " ind2=" "><subfield code="a">Koroua</subfield></datafield><datafield tag="450" ind1=" " ind2=" "><subfield code="a">Koro</subfield></datafield><datafield tag="450" ind1=" " ind2=" "><subfield code="a">Elders, Male</subfield></datafield><datafield tag="450" ind1=" " ind2=" "><subfield code="a">Grandfathers</subfield></datafield><datafield tag="450" ind1=" " ind2=" "><subfield code="a">Granduncles</subfield></datafield><datafield tag="450" ind1=" " ind2=" "><subfield code="a">Male elders</subfield></datafield><datafield tag="450" ind1=" " ind2=" "><subfield code="a">Karani pā</subfield></datafield><datafield tag="450" ind1=" " ind2=" "><subfield code="a">Koroheke</subfield></datafield><datafield tag="450" ind1=" " ind2=" "><subfield code="a">Pōua</subfield></datafield><datafield tag="550" ind1=" " ind2=" "><subfield code="a">Kuia</subfield></datafield><datafield tag="550" ind1=" " ind2=" "><subfield code="a">Pāpā</subfield></datafield><datafield tag="550" ind1=" " ind2=" "><subfield code="a">Tūpuna</subfield></datafield><datafield tag="550" ind1=" " ind2=" "><subfield code="w">g</subfield><subfield code="a">Kaumātua</subfield></datafield><datafield tag="680" ind1=" " ind2=" "><subfield code="i">Whakamārama: He tāne taipakeke kua roa ngā rā ki te ao.</subfield></datafield><datafield tag="680" ind1=" " ind2=" "><subfield code="i">Scope Note: A general heading used to describe male elders, including grandfathers and granduncles. See also: Tūpuna for great grandfathers and great granduncles and Pāpā (Fathers and Uncles).</subfield></datafield></record>