<record><leader>00000nz  a2200000n  4500</leader><controlfield tag="001">2614</controlfield><controlfield tag="003">NzReo</controlfield><controlfield tag="008">060607 n anznnbab|          || ana      </controlfield><datafield tag="040" ind1=" " ind2=" "><subfield code="a">Nz</subfield><subfield code="c">Nz</subfield><subfield code="f">reo</subfield></datafield><datafield tag="150" ind1=" " ind2=" "><subfield code="a">Korowhāwhā</subfield></datafield><datafield tag="450" ind1=" " ind2=" "><subfield code="a">Kokowhāwhā</subfield></datafield><datafield tag="450" ind1=" " ind2=" "><subfield code="a">Anchovies</subfield></datafield><datafield tag="550" ind1=" " ind2=" "><subfield code="w">g</subfield><subfield code="a">Ika moana</subfield></datafield><datafield tag="680" ind1=" " ind2=" "><subfield code="i">Whakamārama: He ika itiiti, rahi te ūpoko, ana kei raro rawa te kauae. He kākonu, he rite ki te aua te hanga. Haere pīranga ai tēnei ika hei apu mā ngā manu o te moana, me ngā ika nunui.</subfield></datafield><datafield tag="680" ind1=" " ind2=" "><subfield code="i">Scope Note: A small silvery fish shaped like the aua/yellowed-eyed mullet with a large head and underslung jaw. It is found in large shoals and is eaten by other fish and seabirds. Engraulis australis.</subfield></datafield></record>