<record><leader>00000nz  a2200000n  4500</leader><controlfield tag="001">1692</controlfield><controlfield tag="003">NzReo</controlfield><controlfield tag="008">060524 n anznnbab|          || ana      </controlfield><datafield tag="040" ind1=" " ind2=" "><subfield code="a">Nz</subfield><subfield code="c">Nz</subfield><subfield code="f">reo</subfield></datafield><datafield tag="150" ind1=" " ind2=" "><subfield code="a">Koru</subfield></datafield><datafield tag="550" ind1=" " ind2=" "><subfield code="w">g</subfield><subfield code="a">Otaota</subfield></datafield><datafield tag="680" ind1=" " ind2=" "><subfield code="i">Whakamārama: He otaota rarahi ngā rau me ngā hua. He ōrangi kita aua hua, me ngā pua. Ko Muriwhenua anake tōna kāinga.</subfield></datafield><datafield tag="680" ind1=" " ind2=" "><subfield code="i">Scope Note: A blue-flowered plant with large leaves, found only in the northern part of Te Tai Tokerau. It has large blue berries. Colensoa physaloides.</subfield></datafield></record>