<record><leader>00000nz  a2200000n  4500</leader><controlfield tag="001">1402</controlfield><controlfield tag="003">NzReo</controlfield><controlfield tag="008">060511 n anznnbab|          || ana      </controlfield><datafield tag="040" ind1=" " ind2=" "><subfield code="a">Nz</subfield><subfield code="c">Nz</subfield><subfield code="f">reo</subfield></datafield><datafield tag="150" ind1=" " ind2=" "><subfield code="a">Kōrure</subfield></datafield><datafield tag="450" ind1=" " ind2=" "><subfield code="a">Mottled petrels</subfield></datafield><datafield tag="450" ind1=" " ind2=" "><subfield code="a">Petrels, Mottled</subfield></datafield><datafield tag="550" ind1=" " ind2=" "><subfield code="w">g</subfield><subfield code="a">Manu moana</subfield></datafield><datafield tag="680" ind1=" " ind2=" "><subfield code="i">Whakamārama: He momo tītī, he hina ngā huruhuru, he mā te kanohi me te poho. Hoki rawa ki Rakiura paopao ai.</subfield></datafield><datafield tag="680" ind1=" " ind2=" "><subfield code="i">Scope Note: A kind of muttonbird with grey plumage except for a white face and breast. It breeds at Stewart Island. Pterodroma inexpectata.</subfield></datafield></record>