<record><leader>00000nz  a2200000n  4500</leader><controlfield tag="001">694</controlfield><controlfield tag="003">NzReo</controlfield><controlfield tag="008">050719 n anznnbab|          || ana      </controlfield><datafield tag="040" ind1=" " ind2=" "><subfield code="a">Nz</subfield><subfield code="c">Nz</subfield><subfield code="f">reo</subfield></datafield><datafield tag="150" ind1=" " ind2=" "><subfield code="a">Kōtahitanga</subfield></datafield><datafield tag="450" ind1=" " ind2=" "><subfield code="a">Kōtahitanga Movement</subfield></datafield><datafield tag="450" ind1=" " ind2=" "><subfield code="a">Māori Congress</subfield></datafield><datafield tag="550" ind1=" " ind2=" "><subfield code="a">Kīngitanga</subfield></datafield><datafield tag="550" ind1=" " ind2=" "><subfield code="a">Rōpū tōrangapū</subfield></datafield><datafield tag="550" ind1=" " ind2=" "><subfield code="a">Tino rangatiratanga</subfield></datafield><datafield tag="550" ind1=" " ind2=" "><subfield code="w">g</subfield><subfield code="a">Tōrangapū</subfield></datafield><datafield tag="550" ind1=" " ind2=" "><subfield code="w">h</subfield><subfield code="a">Mana motuhake</subfield></datafield><datafield tag="680" ind1=" " ind2=" "><subfield code="i">Whakamārama: Ko te huihuinga o ngā iwi ki te whakakōtahi i ngā whakaaro, kia whakakōtahi ai i ngā take.</subfield></datafield><datafield tag="680" ind1=" " ind2=" "><subfield code="i">Scope Note: Māori political movement based on an ideal of tribes acting as a coalition to pursue common purposes.</subfield></datafield></record>