<record><leader>00000nz  a2200000n  4500</leader><controlfield tag="001">1480</controlfield><controlfield tag="003">NzReo</controlfield><controlfield tag="008">060511 n anznnbab|          || ana      </controlfield><datafield tag="040" ind1=" " ind2=" "><subfield code="a">Nz</subfield><subfield code="c">Nz</subfield><subfield code="f">reo</subfield></datafield><datafield tag="150" ind1=" " ind2=" "><subfield code="a">Kōtare</subfield></datafield><datafield tag="450" ind1=" " ind2=" "><subfield code="a">Kingfishers</subfield></datafield><datafield tag="550" ind1=" " ind2=" "><subfield code="w">g</subfield><subfield code="a">Manu ki tātahi</subfield></datafield><datafield tag="550" ind1=" " ind2=" "><subfield code="w">g</subfield><subfield code="a">Manu waimāori</subfield></datafield><datafield tag="680" ind1=" " ind2=" "><subfield code="i">Whakamārama: He manu ruku ika i ngā awa, i ngā roto. He ōrangi mōhinu ngā parirau, te tuara me te kurutou. He hāuratea te poho.</subfield></datafield><datafield tag="680" ind1=" " ind2=" "><subfield code="i">Scope Note: A small bird with shining pale blue feathers on the back, wings and tail. The breast is pale brown. It feeds on fish and crabs and dives into water to catch them. Halycon sancta vagans.</subfield></datafield></record>