<record><leader>00000nz  a2200000n  4500</leader><controlfield tag="001">1456</controlfield><controlfield tag="003">NzReo</controlfield><controlfield tag="008">060511 n anznnbab|          || ana      </controlfield><datafield tag="040" ind1=" " ind2=" "><subfield code="a">Nz</subfield><subfield code="c">Nz</subfield><subfield code="f">reo</subfield></datafield><datafield tag="150" ind1=" " ind2=" "><subfield code="a">Kōtātā</subfield></datafield><datafield tag="450" ind1=" " ind2=" "><subfield code="a">Mātātā</subfield></datafield><datafield tag="450" ind1=" " ind2=" "><subfield code="a">Fern-birds</subfield></datafield><datafield tag="550" ind1=" " ind2=" "><subfield code="w">g</subfield><subfield code="a">Manu repo</subfield></datafield><datafield tag="680" ind1=" " ind2=" "><subfield code="i">Whakamārama: He manu itiiti, hāura kōtiwhatiwha. He roa, he torokaka te kurutou. Kei ngā repo, kei ngā pākihi e noho ana. He āhua ke, he āhua ke te kōtātā o tēnā motu, o tēnā motu.</subfield></datafield><datafield tag="680" ind1=" " ind2=" "><subfield code="i">Scope Note: A small mottled bird which lives in reed swamps and pākihi/open grass country. It has a long stiff tail. Bowdleria punctata.</subfield></datafield></record>