<record><leader>00000nz  a2200000n  4500</leader><controlfield tag="001">2326</controlfield><controlfield tag="003">NzReo</controlfield><controlfield tag="008">060531 n anznnbab|          || ana      </controlfield><datafield tag="040" ind1=" " ind2=" "><subfield code="a">Nz</subfield><subfield code="c">Nz</subfield><subfield code="f">reo</subfield></datafield><datafield tag="150" ind1=" " ind2=" "><subfield code="a">Kotiate</subfield></datafield><datafield tag="450" ind1=" " ind2=" "><subfield code="a">Whakaate</subfield></datafield><datafield tag="450" ind1=" " ind2=" "><subfield code="a">Fiddle shaped weapons</subfield></datafield><datafield tag="450" ind1=" " ind2=" "><subfield code="a">Weapons, Fiddle shaped</subfield></datafield><datafield tag="550" ind1=" " ind2=" "><subfield code="w">g</subfield><subfield code="a">Rākau ā Tū</subfield></datafield><datafield tag="680" ind1=" " ind2=" "><subfield code="i">Whakamārama: He rākau nā Tū, he parāoa, he rākau. He pāraharaha atu i te mere, ka kotia te rau i waenganui.</subfield></datafield><datafield tag="680" ind1=" " ind2=" "><subfield code="i">Scope Note: A short thrusting weapon with a lobed flat blade on both sides, made of whalebone or hard wood.</subfield></datafield></record>