<record><leader>00000nz  a2200000n  4500</leader><controlfield tag="001">1522</controlfield><controlfield tag="003">NzReo</controlfield><controlfield tag="008">060511 n anznnbab|          || ana      </controlfield><datafield tag="040" ind1=" " ind2=" "><subfield code="a">Nz</subfield><subfield code="c">Nz</subfield><subfield code="f">reo</subfield></datafield><datafield tag="150" ind1=" " ind2=" "><subfield code="a">Kōtuku</subfield></datafield><datafield tag="450" ind1=" " ind2=" "><subfield code="a">Herons, White</subfield></datafield><datafield tag="450" ind1=" " ind2=" "><subfield code="a">White herons</subfield></datafield><datafield tag="550" ind1=" " ind2=" "><subfield code="w">g</subfield><subfield code="a">Manu waimāori</subfield></datafield><datafield tag="680" ind1=" " ind2=" "><subfield code="i">Whakamārama: He momo matuku nui, he mā katoa ngā huruhuru. Ko ngā ngutu me ngā waewae he kōwhai. Kia whakaeke te tame, kua puta ngā awe kōtuku. Hoki rawa ki Ōkārito paopao ai.</subfield></datafield><datafield tag="680" ind1=" " ind2=" "><subfield code="i">Scope Note: A large heron with a yellow bill and legs and the plumage entirely white. It breeds at Ōkarito. The awe kōtuku are the breeding plumes from the wings of the male. Ko te Egretta alba.</subfield></datafield></record>