<record><leader>00000nz  a2200000n  4500</leader><controlfield tag="001">1525</controlfield><controlfield tag="003">NzReo</controlfield><controlfield tag="008">060511 n anznnbab|          || ana      </controlfield><datafield tag="040" ind1=" " ind2=" "><subfield code="a">Nz</subfield><subfield code="c">Nz</subfield><subfield code="f">reo</subfield></datafield><datafield tag="150" ind1=" " ind2=" "><subfield code="a">Kōtuku ngutupapa</subfield></datafield><datafield tag="450" ind1=" " ind2=" "><subfield code="a">Royal spoonbills</subfield></datafield><datafield tag="450" ind1=" " ind2=" "><subfield code="a">Spoonbills, Royal</subfield></datafield><datafield tag="550" ind1=" " ind2=" "><subfield code="w">g</subfield><subfield code="a">Manu waimāori</subfield></datafield><datafield tag="680" ind1=" " ind2=" "><subfield code="i">Whakamārama: Ko ngā ngutu o tēnei kōtuku, he whānui, he paraha, he mangū. He mangū anō ngā waewae.</subfield></datafield><datafield tag="680" ind1=" " ind2=" "><subfield code="i">Scope Note: A type of heron with the bill expanded into a broad blunt spoonlike end. The bill and legs are black but the plumage is white. Platalea regia.</subfield></datafield></record>