<record><leader>00000nz  a2200000n  4500</leader><controlfield tag="001">2053</controlfield><controlfield tag="003">NzReo</controlfield><controlfield tag="008">060524 n anznnbab|          || ana      </controlfield><datafield tag="040" ind1=" " ind2=" "><subfield code="a">Nz</subfield><subfield code="c">Nz</subfield><subfield code="f">reo</subfield></datafield><datafield tag="150" ind1=" " ind2=" "><subfield code="a">Kōtukutuku</subfield></datafield><datafield tag="450" ind1=" " ind2=" "><subfield code="a">Kōhutuhutu</subfield></datafield><datafield tag="450" ind1=" " ind2=" "><subfield code="a">Fuschsias, Tree</subfield></datafield><datafield tag="450" ind1=" " ind2=" "><subfield code="a">Tree fuchsias</subfield></datafield><datafield tag="550" ind1=" " ind2=" "><subfield code="w">g</subfield><subfield code="a">Rākau whakauru</subfield></datafield><datafield tag="550" ind1=" " ind2=" "><subfield code="w">h</subfield><subfield code="a">Kōnini</subfield></datafield><datafield tag="680" ind1=" " ind2=" "><subfield code="i">Whakamārama: He momo rākau nō te ngahere. He angiangi, he kuratea te kiri, he mā a waho o ngā rau. He porouri te kōnini.</subfield></datafield><datafield tag="680" ind1=" " ind2=" "><subfield code="i">Scope Note: A tree with pale reddish-brown papery bark and a purple berry (kōnini). The leaf is white underneath. Fuchsia excorticata.</subfield></datafield></record>