<record><leader>00000nz  a2200000n  4500</leader><controlfield tag="001">2449</controlfield><controlfield tag="003">NzReo</controlfield><controlfield tag="008">060531 n anznnbab|          || ana      </controlfield><datafield tag="040" ind1=" " ind2=" "><subfield code="a">Nz</subfield><subfield code="c">Nz</subfield><subfield code="f">reo</subfield></datafield><datafield tag="150" ind1=" " ind2=" "><subfield code="a">Kōura</subfield></datafield><datafield tag="450" ind1=" " ind2=" "><subfield code="a">Crayfish</subfield></datafield><datafield tag="450" ind1=" " ind2=" "><subfield code="a">Lobsters</subfield></datafield><datafield tag="550" ind1=" " ind2=" "><subfield code="a">Kaimoana</subfield></datafield><datafield tag="550" ind1=" " ind2=" "><subfield code="a">Kōura mara</subfield></datafield><datafield tag="550" ind1=" " ind2=" "><subfield code="a">Pāpaka</subfield></datafield><datafield tag="550" ind1=" " ind2=" "><subfield code="w">g</subfield><subfield code="a">Ngā uri o Tangaroa</subfield></datafield><datafield tag="680" ind1=" " ind2=" "><subfield code="i">Whakamārama: He ingoa nui mō ngā momo kōura waimāori, kōura waitai rānei.</subfield></datafield><datafield tag="680" ind1=" " ind2=" "><subfield code="i">Scope Note: A collective term for crayfish, lobsters, scampi and similar large crustaceans, but not including pāpaka/crabs.</subfield></datafield></record>