<record><leader>00000nz  a2200000n  4500</leader><controlfield tag="001">1195</controlfield><controlfield tag="003">NzReo</controlfield><controlfield tag="008">060331 n anznnbab|          || ana      </controlfield><datafield tag="040" ind1=" " ind2=" "><subfield code="a">Nz</subfield><subfield code="c">Nz</subfield><subfield code="f">reo</subfield></datafield><datafield tag="150" ind1=" " ind2=" "><subfield code="a">Kōura mara</subfield></datafield><datafield tag="550" ind1=" " ind2=" "><subfield code="a">Kōura</subfield></datafield><datafield tag="550" ind1=" " ind2=" "><subfield code="a">Ruku kōura</subfield></datafield><datafield tag="550" ind1=" " ind2=" "><subfield code="w">g</subfield><subfield code="a">Kai whakamara</subfield></datafield><datafield tag="680" ind1=" " ind2=" "><subfield code="i">Whakamārama: Tukuna toitū te kōura ki te waimāori, kawaiho kia ngāwari te kiko, ka kainga mata. He tino kai.</subfield></datafield><datafield tag="680" ind1=" " ind2=" "><subfield code="i">Scope Note: Flesh of the crayfish steeped in freshwater until it has fermented, before being eaten.</subfield></datafield></record>