<record><leader>00000nz  a2200000n  4500</leader><controlfield tag="001">1598</controlfield><controlfield tag="003">NzReo</controlfield><controlfield tag="008">060524 n anznnbab|          || ana      </controlfield><datafield tag="040" ind1=" " ind2=" "><subfield code="a">Nz</subfield><subfield code="c">Nz</subfield><subfield code="f">reo</subfield></datafield><datafield tag="150" ind1=" " ind2=" "><subfield code="a">Kōwaowao</subfield></datafield><datafield tag="450" ind1=" " ind2=" "><subfield code="a">Ferns, Hounds tongue</subfield></datafield><datafield tag="450" ind1=" " ind2=" "><subfield code="a">Hounds tongue ferns</subfield></datafield><datafield tag="550" ind1=" " ind2=" "><subfield code="w">g</subfield><subfield code="a">Huruhuru whenua</subfield></datafield><datafield tag="680" ind1=" " ind2=" "><subfield code="i">Whakamārama: He huruhuru whenua toropā te tupu. Ko ngā tētē he mōhinuhinu, he rite ki te rau poroporo te hanga.</subfield></datafield><datafield tag="680" ind1=" " ind2=" "><subfield code="i">Scope Note: A creeping fern with shiny fronds shaped like the leaf of the poroporo/nightshade. Phymatodes diversifolius.</subfield></datafield></record>