<record><leader>00000nz  a2200000n  4500</leader><controlfield tag="001">1625</controlfield><controlfield tag="003">NzReo</controlfield><controlfield tag="008">060524 n anznnbab|          || ana      </controlfield><datafield tag="040" ind1=" " ind2=" "><subfield code="a">Nz</subfield><subfield code="c">Nz</subfield><subfield code="f">reo</subfield></datafield><datafield tag="150" ind1=" " ind2=" "><subfield code="a">Kōwhai ngutukākā</subfield></datafield><datafield tag="450" ind1=" " ind2=" "><subfield code="a">Kakabeaks</subfield></datafield><datafield tag="550" ind1=" " ind2=" "><subfield code="a">Kōwhai raunui</subfield></datafield><datafield tag="550" ind1=" " ind2=" "><subfield code="w">g</subfield><subfield code="a">Mauwha</subfield></datafield><datafield tag="680" ind1=" " ind2=" "><subfield code="i">Whakamārama: He mauwha, he rite ngā rau ki o te kōwhai raunui. Ko ngā pua he whero, he rarahi.</subfield></datafield><datafield tag="680" ind1=" " ind2=" "><subfield code="i">Scope Note: A shrub with oval leaflets like the kōwhai raunui and large red flowers. Clianthus puniceus.</subfield></datafield></record>