<record><leader>00000nz  a2200000n  4500</leader><controlfield tag="001">2035</controlfield><controlfield tag="003">NzReo</controlfield><controlfield tag="008">060524 n anznnbab|          || ana      </controlfield><datafield tag="040" ind1=" " ind2=" "><subfield code="a">Nz</subfield><subfield code="c">Nz</subfield><subfield code="f">reo</subfield></datafield><datafield tag="150" ind1=" " ind2=" "><subfield code="a">Kōwhai raunui</subfield></datafield><datafield tag="550" ind1=" " ind2=" "><subfield code="a">Kōwhai ngutukākā</subfield></datafield><datafield tag="550" ind1=" " ind2=" "><subfield code="w">g</subfield><subfield code="a">Rākau whakauru</subfield></datafield><datafield tag="680" ind1=" " ind2=" "><subfield code="i">Whakamārama: He kōwhai matahua ngā tawheraiti. He rahi ake i te kōwhai rauriki.</subfield></datafield><datafield tag="680" ind1=" " ind2=" "><subfield code="i">Scope Note: A kōwhai with oval leaflets. It does not have a juvenile phase. Sophora edwardsii.</subfield></datafield></record>