<record><leader>00000nz  a2200000n  4500</leader><controlfield tag="001">2789</controlfield><controlfield tag="003">NzReo</controlfield><controlfield tag="008">071210 n anznnbab|          || ana      </controlfield><datafield tag="040" ind1=" " ind2=" "><subfield code="a">Nz</subfield><subfield code="c">Nz</subfield><subfield code="f">reo</subfield></datafield><datafield tag="150" ind1=" " ind2=" "><subfield code="a">Kōwhaiwhai</subfield></datafield><datafield tag="450" ind1=" " ind2=" "><subfield code="a">Paintings, Rafter</subfield></datafield><datafield tag="450" ind1=" " ind2=" "><subfield code="a">Paintings, Ridgepole</subfield></datafield><datafield tag="550" ind1=" " ind2=" "><subfield code="a">Whare whakairo</subfield></datafield><datafield tag="550" ind1=" " ind2=" "><subfield code="w">g</subfield><subfield code="a">Toi Māori</subfield></datafield><datafield tag="680" ind1=" " ind2=" "><subfield code="i">Whakamārama: Ko te kōwhaiwhai he tauira tuhi i te tāhūhū me ngā heke o roto i te whare tūpuna me te whare whakairo.</subfield></datafield><datafield tag="680" ind1=" " ind2=" "><subfield code="i">Scope Note: The paintings on the ridge pole and rafters of the ancestral and carved meeting houses.</subfield></datafield></record>