<record><leader>00000nz  a2200000n  4500</leader><controlfield tag="001">1827</controlfield><controlfield tag="003">NzReo</controlfield><controlfield tag="008">060524 n anznnbab|          || ana      </controlfield><datafield tag="040" ind1=" " ind2=" "><subfield code="a">Nz</subfield><subfield code="c">Nz</subfield><subfield code="f">reo</subfield></datafield><datafield tag="150" ind1=" " ind2=" "><subfield code="a">Kōwhangatara</subfield></datafield><datafield tag="450" ind1=" " ind2=" "><subfield code="a">Turikākoa</subfield></datafield><datafield tag="450" ind1=" " ind2=" "><subfield code="a">Spinifex</subfield></datafield><datafield tag="550" ind1=" " ind2=" "><subfield code="w">g</subfield><subfield code="a">Pātītī</subfield></datafield><datafield tag="680" ind1=" " ind2=" "><subfield code="i">Whakamārama: He pātītī, kei ngā taipū e tupu ana. He nunui, he porohita te noho o te pūhui hua.</subfield></datafield><datafield tag="680" ind1=" " ind2=" "><subfield code="i">Scope Note: A grass found on sand dunes. The seed head is large and spherical and is blown about by the wind. Spinifex sericeus.</subfield></datafield></record>