<record><leader>00000nz  a2200000n  4500</leader><controlfield tag="001">1794</controlfield><controlfield tag="003">NzReo</controlfield><controlfield tag="008">060524 n anznnbab|          || ana      </controlfield><datafield tag="040" ind1=" " ind2=" "><subfield code="a">Nz</subfield><subfield code="c">Nz</subfield><subfield code="f">reo</subfield></datafield><datafield tag="150" ind1=" " ind2=" "><subfield code="a">Kōwharawhara</subfield></datafield><datafield tag="450" ind1=" " ind2=" "><subfield code="a">Pūwharawhara</subfield></datafield><datafield tag="550" ind1=" " ind2=" "><subfield code="a">Kahakaha</subfield></datafield><datafield tag="550" ind1=" " ind2=" "><subfield code="a">Toetoe</subfield></datafield><datafield tag="550" ind1=" " ind2=" "><subfield code="w">g</subfield><subfield code="a">Whara</subfield></datafield><datafield tag="680" ind1=" " ind2=" "><subfield code="i">Whakamārama: He whara nunui kei te takutai moana e tupu ana. He rite ki te kahakaha engari he pango ngā hua.</subfield></datafield><datafield tag="680" ind1=" " ind2=" "><subfield code="i">Scope Note: A large coastal Asteliad that grows in clumps. It has black berries. Astelia banksii.</subfield></datafield></record>