<record><leader>00000nz  a2200000n  4500</leader><controlfield tag="001">629</controlfield><controlfield tag="003">NzReo</controlfield><controlfield tag="008">050714 n anznnbab|          || ana      </controlfield><datafield tag="040" ind1=" " ind2=" "><subfield code="a">Nz</subfield><subfield code="c">Nz</subfield><subfield code="f">reo</subfield></datafield><datafield tag="150" ind1=" " ind2=" "><subfield code="a">Kū</subfield></datafield><datafield tag="450" ind1=" " ind2=" "><subfield code="a">Instruments, Stringed</subfield></datafield><datafield tag="450" ind1=" " ind2=" "><subfield code="a">Stringed instruments</subfield></datafield><datafield tag="550" ind1=" " ind2=" "><subfield code="a">Tānemāhuta</subfield></datafield><datafield tag="550" ind1=" " ind2=" "><subfield code="w">g</subfield><subfield code="a">Taonga pūoro</subfield></datafield><datafield tag="680" ind1=" " ind2=" "><subfield code="i">Whakamārama: He taonga whakatangitangi tēnei i hanga mai i te kareao me tētahi aho. Ka puta mai tana reo i te paoa, i te kūmea rānei o te aho.</subfield></datafield><datafield tag="680" ind1=" " ind2=" "><subfield code="i">Scope Note: This instrument is made from a native vine (kareao) and it is a single stringed instrument played by tapping or plucking the string.</subfield></datafield></record>