<record><leader>00000nz  a2200000n  4500</leader><controlfield tag="001">1482</controlfield><controlfield tag="003">NzReo</controlfield><controlfield tag="008">060511 n anznnbab|          || ana      </controlfield><datafield tag="040" ind1=" " ind2=" "><subfield code="a">Nz</subfield><subfield code="c">Nz</subfield><subfield code="f">reo</subfield></datafield><datafield tag="150" ind1=" " ind2=" "><subfield code="a">Kūaka</subfield></datafield><datafield tag="450" ind1=" " ind2=" "><subfield code="a">Kuaka</subfield></datafield><datafield tag="450" ind1=" " ind2=" "><subfield code="a">Eastern bar-tailed godwits</subfield></datafield><datafield tag="450" ind1=" " ind2=" "><subfield code="a">Godwits, Eastern bar-tailed</subfield></datafield><datafield tag="550" ind1=" " ind2=" "><subfield code="a">Tarāpunga</subfield></datafield><datafield tag="550" ind1=" " ind2=" "><subfield code="w">g</subfield><subfield code="a">Manu ki tātahi</subfield></datafield><datafield tag="680" ind1=" " ind2=" "><subfield code="i">Whakamārama: He manu he pīrere. Tōna pōkai nui tau ai ki ngā tāhuna o Te Oneroa a Tōhē. He hina kōtiwhatiwha ngā huruhuru, he roa te ngutu.</subfield></datafield><datafield tag="680" ind1=" " ind2=" "><subfield code="i">Scope Note: A migratory bird which is found in large flocks in harbours in the North. The plumage is mottled grey, and the bird has a long bill. Limosa lapponica baueri.</subfield></datafield></record>