<record><leader>00000nz  a2200000n  4500</leader><controlfield tag="001">2271</controlfield><controlfield tag="003">NzReo</controlfield><controlfield tag="008">060531 n anznnbab|          || ana      </controlfield><datafield tag="040" ind1=" " ind2=" "><subfield code="a">Nz</subfield><subfield code="c">Nz</subfield><subfield code="f">reo</subfield></datafield><datafield tag="150" ind1=" " ind2=" "><subfield code="a">Kuia</subfield></datafield><datafield tag="450" ind1=" " ind2=" "><subfield code="a">Elders, Female</subfield></datafield><datafield tag="450" ind1=" " ind2=" "><subfield code="a">Female elders</subfield></datafield><datafield tag="450" ind1=" " ind2=" "><subfield code="a">Grandaunts</subfield></datafield><datafield tag="450" ind1=" " ind2=" "><subfield code="a">Grandmothers</subfield></datafield><datafield tag="450" ind1=" " ind2=" "><subfield code="a">Karani mā</subfield></datafield><datafield tag="450" ind1=" " ind2=" "><subfield code="a">Kuikuia</subfield></datafield><datafield tag="450" ind1=" " ind2=" "><subfield code="a">Ruuruhi</subfield></datafield><datafield tag="450" ind1=" " ind2=" "><subfield code="a">Tāua</subfield></datafield><datafield tag="550" ind1=" " ind2=" "><subfield code="a">Hineahuone</subfield></datafield><datafield tag="550" ind1=" " ind2=" "><subfield code="a">Koroua</subfield></datafield><datafield tag="550" ind1=" " ind2=" "><subfield code="a">Māmā</subfield></datafield><datafield tag="550" ind1=" " ind2=" "><subfield code="a">Tūpuna</subfield></datafield><datafield tag="550" ind1=" " ind2=" "><subfield code="w">g</subfield><subfield code="a">Kaumātua</subfield></datafield><datafield tag="680" ind1=" " ind2=" "><subfield code="i">Whakamārama: He wāhine taipakeke kua roa ngā rā ki te ao.</subfield></datafield><datafield tag="680" ind1=" " ind2=" "><subfield code="i">Scope Note: A general heading used to describe female elders, including grandmothers and grandaunts. See also: Tūpuna for great grandmothers and great grandaunts and Māmā (Mothers and Aunts).</subfield></datafield></record>