<record><leader>00000nz  a2200000n  4500</leader><controlfield tag="001">1486</controlfield><controlfield tag="003">NzReo</controlfield><controlfield tag="008">060511 n anznnbab|          || ana      </controlfield><datafield tag="040" ind1=" " ind2=" "><subfield code="a">Nz</subfield><subfield code="c">Nz</subfield><subfield code="f">reo</subfield></datafield><datafield tag="150" ind1=" " ind2=" "><subfield code="a">Kūkuruatu</subfield></datafield><datafield tag="450" ind1=" " ind2=" "><subfield code="a">Dotterels, New Zealand</subfield></datafield><datafield tag="450" ind1=" " ind2=" "><subfield code="a">New Zealand dotterels</subfield></datafield><datafield tag="550" ind1=" " ind2=" "><subfield code="w">g</subfield><subfield code="a">Manu ki tātahi</subfield></datafield><datafield tag="680" ind1=" " ind2=" "><subfield code="i">Whakamārama: He manu ki tai, he rite ki te pohowera engari he rahi atu. Ko te uma he mā i te hōtoke, he hāurakaho i te raumati.</subfield></datafield><datafield tag="680" ind1=" " ind2=" "><subfield code="i">Scope Note: A shore bird resembling the pohowera/banded dotterel but larger and lacking the bands on the breast. The breast is white in winter but clay-coloured in the summer. Charadrius obscurus.</subfield></datafield></record>