<record><leader>00000nz  a2200000n  4500</leader><controlfield tag="001">80</controlfield><controlfield tag="003">NzReo</controlfield><controlfield tag="008">060523 n anznnbab|          || ana      </controlfield><datafield tag="040" ind1=" " ind2=" "><subfield code="a">Nz</subfield><subfield code="c">Nz</subfield><subfield code="f">reo</subfield></datafield><datafield tag="150" ind1=" " ind2=" "><subfield code="a">Kūmara</subfield></datafield><datafield tag="450" ind1=" " ind2=" "><subfield code="a">Potatoes, Sweet</subfield></datafield><datafield tag="450" ind1=" " ind2=" "><subfield code="a">Sweet potatoes</subfield></datafield><datafield tag="450" ind1=" " ind2=" "><subfield code="a">Kūmera</subfield></datafield><datafield tag="550" ind1=" " ind2=" "><subfield code="a">Kete kūmara</subfield></datafield><datafield tag="550" ind1=" " ind2=" "><subfield code="a">Matapaheru</subfield></datafield><datafield tag="550" ind1=" " ind2=" "><subfield code="w">g</subfield><subfield code="a">Aka</subfield></datafield><datafield tag="550" ind1=" " ind2=" "><subfield code="w">g</subfield><subfield code="a">Hua whenua</subfield></datafield><datafield tag="550" ind1=" " ind2=" "><subfield code="w">g</subfield><subfield code="a">Pūtake</subfield></datafield><datafield tag="680" ind1=" " ind2=" "><subfield code="i">Whakamārama: He reka te pūtaka nei, arā, ko te kūmara tēnei. Ko ngā kāwai he totoro te tupu, ko ngā kai kei raro i te whenua.</subfield></datafield><datafield tag="680" ind1=" " ind2=" "><subfield code="i">Scope Note: A sweet root vegetable related to the yam and sweet potato. The tuber grows into a scrambling vine. Ipomoea batatas.</subfield></datafield></record>