<record><leader>00000nz  a2200000n  4500</leader><controlfield tag="001">1633</controlfield><controlfield tag="003">NzReo</controlfield><controlfield tag="008">060524 n anznnbab|          || ana      </controlfield><datafield tag="040" ind1=" " ind2=" "><subfield code="a">Nz</subfield><subfield code="c">Nz</subfield><subfield code="f">reo</subfield></datafield><datafield tag="150" ind1=" " ind2=" "><subfield code="a">Kūmarahou</subfield></datafield><datafield tag="450" ind1=" " ind2=" "><subfield code="a">Gumdiggers' soap plants</subfield></datafield><datafield tag="450" ind1=" " ind2=" "><subfield code="a">Soap plants, Gumdiggers'</subfield></datafield><datafield tag="550" ind1=" " ind2=" "><subfield code="w">g</subfield><subfield code="a">Mauwha</subfield></datafield><datafield tag="680" ind1=" " ind2=" "><subfield code="i">Whakamārama: He mauwha rite ki te tainui, engari he ngohengohe ake ngā rau. Tini noa atu ngā pua pīngao.</subfield></datafield><datafield tag="680" ind1=" " ind2=" "><subfield code="i">Scope Note: A shrub with soft green shiny leaves and large masses of golden-yellow flowers. The term is also given to other similar species, e.g. P. hamiltonii. Pomaderris kumeraho.</subfield></datafield></record>