<record><leader>00000nz  a2200000n  4500</leader><controlfield tag="001">2617</controlfield><controlfield tag="003">NzReo</controlfield><controlfield tag="008">060607 n anznnbab|          || ana      </controlfield><datafield tag="040" ind1=" " ind2=" "><subfield code="a">Nz</subfield><subfield code="c">Nz</subfield><subfield code="f">reo</subfield></datafield><datafield tag="150" ind1=" " ind2=" "><subfield code="a">Kupae</subfield></datafield><datafield tag="450" ind1=" " ind2=" "><subfield code="a">Sprats</subfield></datafield><datafield tag="450" ind1=" " ind2=" "><subfield code="a">Marakuha</subfield></datafield><datafield tag="550" ind1=" " ind2=" "><subfield code="w">g</subfield><subfield code="a">Ika moana</subfield></datafield><datafield tag="680" ind1=" " ind2=" "><subfield code="i">Whakamārama: He ika itiiti rite ki te aua, he ōrangiuri te tuara, he kākonu te puku.</subfield></datafield><datafield tag="680" ind1=" " ind2=" "><subfield code="i">Scope Note: A small fish shaped like an aua/yellowed-eyed mullet but more laterally compressed. It is dark blue above and silver below. Sprattus antipodum.</subfield></datafield></record>