<record><leader>00000nz  a2200000n  4500</leader><controlfield tag="001">2386</controlfield><controlfield tag="003">NzReo</controlfield><controlfield tag="008">060531 n anznnbab|          || ana      </controlfield><datafield tag="040" ind1=" " ind2=" "><subfield code="a">Nz</subfield><subfield code="c">Nz</subfield><subfield code="f">reo</subfield></datafield><datafield tag="150" ind1=" " ind2=" "><subfield code="a">Kūpapa</subfield></datafield><datafield tag="450" ind1=" " ind2=" "><subfield code="a">Armed forces</subfield></datafield><datafield tag="450" ind1=" " ind2=" "><subfield code="a">Loyalist Māori forces</subfield></datafield><datafield tag="550" ind1=" " ind2=" "><subfield code="w">g</subfield><subfield code="a">Taua</subfield></datafield><datafield tag="680" ind1=" " ind2=" "><subfield code="i">Whakamārama: Ko ngā taua Māori i whakapiri ki ngā hoia o Ingarani i ngā pakanga o mua.</subfield></datafield><datafield tag="680" ind1=" " ind2=" "><subfield code="i">Scope Note: Māori armed forces which fought alongside the militia and imperial forces in the New Zealand wars.</subfield></datafield></record>