<record><leader>00000nz  a2200000n  4500</leader><controlfield tag="001">605</controlfield><controlfield tag="003">NzReo</controlfield><controlfield tag="008">050629 n anznnbab|          || ana      </controlfield><datafield tag="040" ind1=" " ind2=" "><subfield code="a">Nz</subfield><subfield code="c">Nz</subfield><subfield code="f">reo</subfield></datafield><datafield tag="150" ind1=" " ind2=" "><subfield code="a">Kupenga</subfield></datafield><datafield tag="450" ind1=" " ind2=" "><subfield code="a">Fishing nets</subfield></datafield><datafield tag="450" ind1=" " ind2=" "><subfield code="a">Nets, Fishing</subfield></datafield><datafield tag="550" ind1=" " ind2=" "><subfield code="a">Hīnaki</subfield></datafield><datafield tag="550" ind1=" " ind2=" "><subfield code="a">Patupaiarehe</subfield></datafield><datafield tag="550" ind1=" " ind2=" "><subfield code="w">g</subfield><subfield code="a">Taputapu hī ika</subfield></datafield><datafield tag="550" ind1=" " ind2=" "><subfield code="w">h</subfield><subfield code="a">Kaharoa</subfield></datafield><datafield tag="550" ind1=" " ind2=" "><subfield code="w">h</subfield><subfield code="a">Tōrehi</subfield></datafield><datafield tag="680" ind1=" " ind2=" "><subfield code="i">Whakamārama: He mea mau ika ahakoa te ika.</subfield></datafield><datafield tag="680" ind1=" " ind2=" "><subfield code="i">Scope Note: Any net used for fishing.</subfield></datafield></record>