<record><leader>00000nz  a2200000n  4500</leader><controlfield tag="001">1259</controlfield><controlfield tag="003">NzReo</controlfield><controlfield tag="008">060503 n anznnbab|          || ana      </controlfield><datafield tag="040" ind1=" " ind2=" "><subfield code="a">Nz</subfield><subfield code="c">Nz</subfield><subfield code="f">reo</subfield></datafield><datafield tag="150" ind1=" " ind2=" "><subfield code="a">Kupu whakaari</subfield></datafield><datafield tag="450" ind1=" " ind2=" "><subfield code="a">Kupu matakite</subfield></datafield><datafield tag="450" ind1=" " ind2=" "><subfield code="a">Prophecies</subfield></datafield><datafield tag="550" ind1=" " ind2=" "><subfield code="a">Ringatū</subfield></datafield><datafield tag="550" ind1=" " ind2=" "><subfield code="w">g</subfield><subfield code="a">Tohunga matakite</subfield></datafield><datafield tag="550" ind1=" " ind2=" "><subfield code="w">g</subfield><subfield code="a">Whakatauākī</subfield></datafield><datafield tag="680" ind1=" " ind2=" "><subfield code="i">Whakamārama: Ko te nuinga he kupu poropiti. Nā tētahi tangata matakite ngā kōrero nei i kōrero. Otirā, ko te nuinga o ngā kupu whakaari e kōrerotia ana i roto i ēnei wā ko ngā kōrero a Te Kooti Rikirangi, i runga i ana haere ki tēnā rohe me ana kōrero i whakarērea iho ai e ia ki ngā iwi i rangona ai i aua kupu rā.</subfield></datafield><datafield tag="680" ind1=" " ind2=" "><subfield code="i">Scope Note: Many of these were prophecies. However, these are mostly portrayed these days in examples given by Te Kooti Rikirangi during his many sojourns among various tribes.</subfield></datafield></record>