<record><leader>00000nz  a2200000n  4500</leader><controlfield tag="001">1257</controlfield><controlfield tag="003">NzReo</controlfield><controlfield tag="008">060503 n anznnbab|          || ana      </controlfield><datafield tag="040" ind1=" " ind2=" "><subfield code="a">Nz</subfield><subfield code="c">Nz</subfield><subfield code="f">reo</subfield></datafield><datafield tag="150" ind1=" " ind2=" "><subfield code="a">Kupu whakarite</subfield></datafield><datafield tag="450" ind1=" " ind2=" "><subfield code="a">Figurative language</subfield></datafield><datafield tag="450" ind1=" " ind2=" "><subfield code="a">Metaphorical sayings</subfield></datafield><datafield tag="450" ind1=" " ind2=" "><subfield code="a">Metaphors</subfield></datafield><datafield tag="450" ind1=" " ind2=" "><subfield code="a">Sayings, Metaphorical</subfield></datafield><datafield tag="450" ind1=" " ind2=" "><subfield code="a">Similes</subfield></datafield><datafield tag="550" ind1=" " ind2=" "><subfield code="w">g</subfield><subfield code="a">Kōrero</subfield></datafield><datafield tag="680" ind1=" " ind2=" "><subfield code="i">Whakamārama: He nui ōna āhuatanga. Hei tauira: "Kua hinga te tōtara o te wao tapu nui a Tāne." Ko tērā rākau ko te tōtara he rākau nui i roto i te ao Māori. Ka mutu, he rākau nui ka tipu ana, ka pakari ana, ka kitea tonutia anō tōna roa, tōna whānui i roto i te ngahere ka pakari ana tērā rākau. Nō reira, e whakarite ana koe i te tangata ki taua rākau rā.</subfield></datafield><datafield tag="680" ind1=" " ind2=" "><subfield code="i">Scope Note: There are several explanations for this. As an example, "The mighty tōtara of the great forest of Tāne has fallen." According to Māori tradition, the tōtara tree was held with high regard. It began as a seedling growing to great heights and sizes and was the protector of the forest. Because of this, it was likened to great leaders.</subfield></datafield></record>