<record><leader>00000nz  a2200000n  4500</leader><controlfield tag="001">1064</controlfield><controlfield tag="003">NzReo</controlfield><controlfield tag="008">050831 n anznnbab|          || ana      </controlfield><datafield tag="040" ind1=" " ind2=" "><subfield code="a">Nz</subfield><subfield code="c">Nz</subfield><subfield code="f">reo</subfield></datafield><datafield tag="150" ind1=" " ind2=" "><subfield code="a">Kura kaupapa Māori</subfield></datafield><datafield tag="450" ind1=" " ind2=" "><subfield code="a">Māori primary schools</subfield></datafield><datafield tag="450" ind1=" " ind2=" "><subfield code="a">Primary schools, Māori</subfield></datafield><datafield tag="550" ind1=" " ind2=" "><subfield code="a">Ako</subfield></datafield><datafield tag="550" ind1=" " ind2=" "><subfield code="a">Kura tuatahi</subfield></datafield><datafield tag="550" ind1=" " ind2=" "><subfield code="a">Reo Māori</subfield></datafield><datafield tag="550" ind1=" " ind2=" "><subfield code="a">Tamariki</subfield></datafield><datafield tag="550" ind1=" " ind2=" "><subfield code="w">g</subfield><subfield code="a">Waihanga</subfield></datafield><datafield tag="680" ind1=" " ind2=" "><subfield code="i">Whakamārama: He kura mō ngā tamariki mai i te rima ki te tekau mā rua tau te pakeke, ko te reo Māori te reo whakaako, he Māori anō ngā tikanga whakahaere.</subfield></datafield><datafield tag="680" ind1=" " ind2=" "><subfield code="i">Scope Note: Primary schools for children aged 5 to 12 years which features the Māori language as the medium of instruction and operates under Māori customary practice. See also: Kura tuatahi (Mainstream primary and intermediate school education).</subfield></datafield></record>