<record><leader>00000nz  a2200000n  4500</leader><controlfield tag="001">202</controlfield><controlfield tag="003">NzReo</controlfield><controlfield tag="008">060606 n anznnbab|          || ana      </controlfield><datafield tag="040" ind1=" " ind2=" "><subfield code="a">Nz</subfield><subfield code="c">Nz</subfield><subfield code="f">reo</subfield></datafield><datafield tag="150" ind1=" " ind2=" "><subfield code="a">Kura pūhou</subfield></datafield><datafield tag="450" ind1=" " ind2=" "><subfield code="a">Early childhood education (Mainstream)</subfield></datafield><datafield tag="450" ind1=" " ind2=" "><subfield code="a">Education, Early childhood (Mainstream)</subfield></datafield><datafield tag="450" ind1=" " ind2=" "><subfield code="a">Kindergartens (Mainstream)</subfield></datafield><datafield tag="450" ind1=" " ind2=" "><subfield code="a">Pre-schools (Mainstream)</subfield></datafield><datafield tag="550" ind1=" " ind2=" "><subfield code="a">Ako</subfield></datafield><datafield tag="550" ind1=" " ind2=" "><subfield code="a">Kōhanga reo</subfield></datafield><datafield tag="550" ind1=" " ind2=" "><subfield code="a">Kōhungahunga</subfield></datafield><datafield tag="550" ind1=" " ind2=" "><subfield code="a">Tamariki nohinohi</subfield></datafield><datafield tag="550" ind1=" " ind2=" "><subfield code="w">g</subfield><subfield code="a">Waihanga</subfield></datafield><datafield tag="680" ind1=" " ind2=" "><subfield code="i">Whakamārama: He momo wāhi whakaako i ngā kōhungahunga, Māori mai, Tauiwi mai.</subfield></datafield><datafield tag="680" ind1=" " ind2=" "><subfield code="i">Scope Note: Early childhood centres for children aged 2 to 5 years of age. See also: Kōhanga reo (Māori pre-schools).</subfield></datafield></record>