<record><leader>00000nz  a2200000n  4500</leader><controlfield tag="001">257</controlfield><controlfield tag="003">NzReo</controlfield><controlfield tag="008">060607 n anznnbab|          || ana      </controlfield><datafield tag="040" ind1=" " ind2=" "><subfield code="a">Nz</subfield><subfield code="c">Nz</subfield><subfield code="f">reo</subfield></datafield><datafield tag="150" ind1=" " ind2=" "><subfield code="a">Kura tuarua</subfield></datafield><datafield tag="450" ind1=" " ind2=" "><subfield code="a">Kura kāreti</subfield></datafield><datafield tag="450" ind1=" " ind2=" "><subfield code="a">Education, Secondary school (Mainstream)</subfield></datafield><datafield tag="450" ind1=" " ind2=" "><subfield code="a">Schools, Secondary (Mainstream)</subfield></datafield><datafield tag="450" ind1=" " ind2=" "><subfield code="a">Secondary school education (Mainstream)</subfield></datafield><datafield tag="450" ind1=" " ind2=" "><subfield code="a">Secondary schools (Mainstream)</subfield></datafield><datafield tag="550" ind1=" " ind2=" "><subfield code="a">Ako</subfield></datafield><datafield tag="550" ind1=" " ind2=" "><subfield code="a">Pūkengatanga</subfield></datafield><datafield tag="550" ind1=" " ind2=" "><subfield code="a">Taiohi</subfield></datafield><datafield tag="550" ind1=" " ind2=" "><subfield code="a">Wharekura</subfield></datafield><datafield tag="550" ind1=" " ind2=" "><subfield code="w">g</subfield><subfield code="a">Waihanga</subfield></datafield><datafield tag="680" ind1=" " ind2=" "><subfield code="i">Whakamārama: He kura mō ngā taiohi tekau mā rua ki te tekau mā waru tau te pakeke.</subfield></datafield><datafield tag="680" ind1=" " ind2=" "><subfield code="i">Scope Note: For works about mainstream secondary school (college) education. See also Wharekura (Secondary schools (Māori)).</subfield></datafield></record>