<record><leader>00000nz  a2200000n  4500</leader><controlfield tag="001">263</controlfield><controlfield tag="003">NzReo</controlfield><controlfield tag="008">060607 n anznnbab|          || ana      </controlfield><datafield tag="040" ind1=" " ind2=" "><subfield code="a">Nz</subfield><subfield code="c">Nz</subfield><subfield code="f">reo</subfield></datafield><datafield tag="150" ind1=" " ind2=" "><subfield code="a">Kura tuatahi</subfield></datafield><datafield tag="450" ind1=" " ind2=" "><subfield code="a">Education, Intermediate school (Mainstream)</subfield></datafield><datafield tag="450" ind1=" " ind2=" "><subfield code="a">Education, Primary school (Mainstream)</subfield></datafield><datafield tag="450" ind1=" " ind2=" "><subfield code="a">Intermediate school education (Mainstream)</subfield></datafield><datafield tag="450" ind1=" " ind2=" "><subfield code="a">Intermediate schools (Mainstream)</subfield></datafield><datafield tag="450" ind1=" " ind2=" "><subfield code="a">Primary school education (Mainstream)</subfield></datafield><datafield tag="450" ind1=" " ind2=" "><subfield code="a">Primary schools (Mainstream)</subfield></datafield><datafield tag="450" ind1=" " ind2=" "><subfield code="a">Schools, Intermediate (Mainstream)</subfield></datafield><datafield tag="450" ind1=" " ind2=" "><subfield code="a">Schools, Primary (Mainstream)</subfield></datafield><datafield tag="550" ind1=" " ind2=" "><subfield code="a">Ako</subfield></datafield><datafield tag="550" ind1=" " ind2=" "><subfield code="a">Kura kaupapa Māori</subfield></datafield><datafield tag="550" ind1=" " ind2=" "><subfield code="a">Tamariki</subfield></datafield><datafield tag="550" ind1=" " ind2=" "><subfield code="w">g</subfield><subfield code="a">Waihanga</subfield></datafield><datafield tag="680" ind1=" " ind2=" "><subfield code="i">Whakamārama: He wāhi whakaako tamariki mai i te rima ki te tekau mā rua te pakeke.</subfield></datafield><datafield tag="680" ind1=" " ind2=" "><subfield code="i">Scope Note: Mainstream primary schools for children aged 5 to 12 years. See also Kura kaupapa Māori (Māori primary schools).</subfield></datafield></record>