<record><leader>00000nz  a2200000n  4500</leader><controlfield tag="001">260</controlfield><controlfield tag="003">NzReo</controlfield><controlfield tag="008">060607 n anznnbab|          || ana      </controlfield><datafield tag="040" ind1=" " ind2=" "><subfield code="a">Nz</subfield><subfield code="c">Nz</subfield><subfield code="f">reo</subfield></datafield><datafield tag="150" ind1=" " ind2=" "><subfield code="a">Kura tuatoru</subfield></datafield><datafield tag="450" ind1=" " ind2=" "><subfield code="a">Education, Tertiary</subfield></datafield><datafield tag="450" ind1=" " ind2=" "><subfield code="a">Tertiary education</subfield></datafield><datafield tag="550" ind1=" " ind2=" "><subfield code="a">Pūkengatanga</subfield></datafield><datafield tag="550" ind1=" " ind2=" "><subfield code="a">Whare wānanga</subfield></datafield><datafield tag="550" ind1=" " ind2=" "><subfield code="w">g</subfield><subfield code="a">Waihanga</subfield></datafield><datafield tag="680" ind1=" " ind2=" "><subfield code="i">Whakamārama: Ko ngā momo kura ēnei mo ngā taiohi, e kiia nei, e momo whare wānanga.</subfield></datafield><datafield tag="680" ind1=" " ind2=" "><subfield code="i">Scope Note: Mainstream tertiary education.</subfield></datafield></record>