<record><leader>00000nz  a2200000n  4500</leader><controlfield tag="001">2119</controlfield><controlfield tag="003">NzReo</controlfield><controlfield tag="008">060525 n anznnbab|          || ana      </controlfield><datafield tag="040" ind1=" " ind2=" "><subfield code="a">Nz</subfield><subfield code="c">Nz</subfield><subfield code="f">reo</subfield></datafield><datafield tag="150" ind1=" " ind2=" "><subfield code="a">Kurī</subfield></datafield><datafield tag="450" ind1=" " ind2=" "><subfield code="a">Kīrehe</subfield></datafield><datafield tag="450" ind1=" " ind2=" "><subfield code="a">Dogs</subfield></datafield><datafield tag="550" ind1=" " ind2=" "><subfield code="w">g</subfield><subfield code="a">Mōkai</subfield></datafield><datafield tag="680" ind1=" " ind2=" "><subfield code="i">Whakamārama: He kararehe tūturu nā te Māori, kua ngaro me te moa. I kainga, ko te kiri he mea ioio ka tuituia ki te kaupapa muka. He kakahu rangatira.</subfield></datafield><datafield tag="680" ind1=" " ind2=" "><subfield code="i">Scope Note: General term for dogs. Traditional usage: A variety of dog, now extinct, used for food and for its hide, made into cloaks, etc. Contemporary usage: Use for any type of dog.</subfield></datafield></record>