<record><leader>00000nz  a2200000n  4500</leader><controlfield tag="001">1288</controlfield><controlfield tag="003">NzReo</controlfield><controlfield tag="008">060503 n anznnbab|          || ana      </controlfield><datafield tag="040" ind1=" " ind2=" "><subfield code="a">Nz</subfield><subfield code="c">Nz</subfield><subfield code="f">reo</subfield></datafield><datafield tag="150" ind1=" " ind2=" "><subfield code="a">Kuru pounamu</subfield></datafield><datafield tag="450" ind1=" " ind2=" "><subfield code="a">Adornments (Greenstone drop pendants)</subfield></datafield><datafield tag="450" ind1=" " ind2=" "><subfield code="a">Jewellery (Greenstone drop pendants)</subfield></datafield><datafield tag="550" ind1=" " ind2=" "><subfield code="a">Pounamu</subfield></datafield><datafield tag="550" ind1=" " ind2=" "><subfield code="w">g</subfield><subfield code="a">Whakakai</subfield></datafield><datafield tag="680" ind1=" " ind2=" "><subfield code="i">Whakamārama: He momo whakakai; āhua 6-8 inihi te roa; hanga mai i te pounamu.</subfield></datafield><datafield tag="680" ind1=" " ind2=" "><subfield code="i">Scope Note: A straight drop greenstone pendant which can be worn around the neck and as an earring.</subfield></datafield></record>