<record><leader>00000nz  a2200000n  4500</leader><controlfield tag="001">1528</controlfield><controlfield tag="003">NzReo</controlfield><controlfield tag="008">060511 n anznnbab|          || ana      </controlfield><datafield tag="040" ind1=" " ind2=" "><subfield code="a">Nz</subfield><subfield code="c">Nz</subfield><subfield code="f">reo</subfield></datafield><datafield tag="150" ind1=" " ind2=" "><subfield code="a">Kuruwhengi</subfield></datafield><datafield tag="450" ind1=" " ind2=" "><subfield code="a">Ducks, Shoveller</subfield></datafield><datafield tag="450" ind1=" " ind2=" "><subfield code="a">Shoveller ducks</subfield></datafield><datafield tag="550" ind1=" " ind2=" "><subfield code="w">g</subfield><subfield code="a">Manu waimāori</subfield></datafield><datafield tag="680" ind1=" " ind2=" "><subfield code="i">Whakamārama: He momo pārera, he rarahi ngā ngutu, he tohu mā kei mua i ngā karu. He hāura kōtingotingo te uma, he ura te puku.</subfield></datafield><datafield tag="680" ind1=" " ind2=" "><subfield code="i">Scope Note: A type of duck with a large bill, a vertical white mark in front of the eye, speckled breast and red brown underparts. Anas rhynchotis variegata.</subfield></datafield></record>