<record><leader>00000nz  a2200000n  4500</leader><controlfield tag="001">1795</controlfield><controlfield tag="003">NzReo</controlfield><controlfield tag="008">060524 n anznnbab|          || ana      </controlfield><datafield tag="040" ind1=" " ind2=" "><subfield code="a">Nz</subfield><subfield code="c">Nz</subfield><subfield code="f">reo</subfield></datafield><datafield tag="150" ind1=" " ind2=" "><subfield code="a">Kuta</subfield></datafield><datafield tag="450" ind1=" " ind2=" "><subfield code="a">Papao</subfield></datafield><datafield tag="450" ind1=" " ind2=" "><subfield code="a">Club rushes, Lake</subfield></datafield><datafield tag="450" ind1=" " ind2=" "><subfield code="a">Lake club rushes</subfield></datafield><datafield tag="550" ind1=" " ind2=" "><subfield code="a">Toetoe</subfield></datafield><datafield tag="550" ind1=" " ind2=" "><subfield code="w">g</subfield><subfield code="a">Otaota waimāori</subfield></datafield><datafield tag="550" ind1=" " ind2=" "><subfield code="w">g</subfield><subfield code="a">Whara</subfield></datafield><datafield tag="680" ind1=" " ind2=" "><subfield code="i">Whakamārama: He momo kōpūngāwhā nunui, kei te hawai e tupu ana.</subfield></datafield><datafield tag="680" ind1=" " ind2=" "><subfield code="i">Scope Note: A large kind of sedge that grows in water. Scirpus lacustris.</subfield></datafield></record>