<record><leader>00000nz  a2200000n  4500</leader><controlfield tag="001">2174</controlfield><controlfield tag="003">NzReo</controlfield><controlfield tag="008">060530 n anznnbab|          || ana      </controlfield><datafield tag="040" ind1=" " ind2=" "><subfield code="a">Nz</subfield><subfield code="c">Nz</subfield><subfield code="f">reo</subfield></datafield><datafield tag="150" ind1=" " ind2=" "><subfield code="a">Kutu</subfield></datafield><datafield tag="450" ind1=" " ind2=" "><subfield code="a">Lice</subfield></datafield><datafield tag="550" ind1=" " ind2=" "><subfield code="w">g</subfield><subfield code="a">Aitanga pepeke</subfield></datafield><datafield tag="680" ind1=" " ind2=" "><subfield code="i">Whakamārama: Ko te huhua o te ngārara noho i te tinana o te tangata, ki te ngote toto.</subfield></datafield><datafield tag="680" ind1=" " ind2=" "><subfield code="i">Scope Note: A general term for human ectoparasitic insects such as lice.</subfield></datafield></record>