<record><leader>00000nz  a2200000n  4500</leader><controlfield tag="001">435</controlfield><controlfield tag="003">NzReo</controlfield><controlfield tag="008">050506 n anznnbab|          || ana      </controlfield><datafield tag="040" ind1=" " ind2=" "><subfield code="a">Nz</subfield><subfield code="c">Nz</subfield><subfield code="f">reo</subfield></datafield><datafield tag="150" ind1=" " ind2=" "><subfield code="a">Maehe</subfield></datafield><datafield tag="450" ind1=" " ind2=" "><subfield code="a">Mahe</subfield></datafield><datafield tag="450" ind1=" " ind2=" "><subfield code="a">Sinkers (Fishing)</subfield></datafield><datafield tag="550" ind1=" " ind2=" "><subfield code="a">Punga (Waka)</subfield></datafield><datafield tag="550" ind1=" " ind2=" "><subfield code="w">g</subfield><subfield code="a">Taputapu hī ika</subfield></datafield><datafield tag="680" ind1=" " ind2=" "><subfield code="i">Whakamārama: Ko te nuinga o ngā maehe he kohatu engari no te hī ika tāua mahi.</subfield></datafield><datafield tag="680" ind1=" " ind2=" "><subfield code="i">Scope Note: Sinker or weight for fishing line.</subfield></datafield></record>