<record><leader>00000nz  a2200000n  4500</leader><controlfield tag="001">4324</controlfield><controlfield tag="003">NzReo</controlfield><controlfield tag="008">140902 n anznnbab|          || ana      </controlfield><datafield tag="040" ind1=" " ind2=" "><subfield code="a">Nz</subfield><subfield code="c">Nz</subfield><subfield code="f">reo</subfield></datafield><datafield tag="150" ind1=" " ind2=" "><subfield code="a">Mahere</subfield></datafield><datafield tag="450" ind1=" " ind2=" "><subfield code="a">Mapi</subfield></datafield><datafield tag="450" ind1=" " ind2=" "><subfield code="a">Charts</subfield></datafield><datafield tag="450" ind1=" " ind2=" "><subfield code="a">Maps</subfield></datafield><datafield tag="550" ind1=" " ind2=" "><subfield code="w">g</subfield><subfield code="a">Pūtaiao</subfield></datafield><datafield tag="550" ind1=" " ind2=" "><subfield code="w">h</subfield><subfield code="a">Mahere moana</subfield></datafield><datafield tag="550" ind1=" " ind2=" "><subfield code="w">h</subfield><subfield code="a">Mahere whenua</subfield></datafield><datafield tag="550" ind1=" " ind2=" "><subfield code="w">h</subfield><subfield code="a">Mahere whetū</subfield></datafield><datafield tag="680" ind1=" " ind2=" "><subfield code="i">Scope Note: Can be used for examples of maps or for works about maps.</subfield></datafield></record>