<record><leader>00000nz  a2200000n  4500</leader><controlfield tag="001">4332</controlfield><controlfield tag="003">NzReo</controlfield><controlfield tag="008">140902 n anznnbab|          || ana      </controlfield><datafield tag="040" ind1=" " ind2=" "><subfield code="a">Nz</subfield><subfield code="c">Nz</subfield><subfield code="f">reo</subfield></datafield><datafield tag="150" ind1=" " ind2=" "><subfield code="a">Mahere moana</subfield></datafield><datafield tag="450" ind1=" " ind2=" "><subfield code="a">Charts, Hydrographic</subfield></datafield><datafield tag="450" ind1=" " ind2=" "><subfield code="a">Hydrographic charts</subfield></datafield><datafield tag="450" ind1=" " ind2=" "><subfield code="a">Maps, Navigational</subfield></datafield><datafield tag="450" ind1=" " ind2=" "><subfield code="a">Navigational maps</subfield></datafield><datafield tag="550" ind1=" " ind2=" "><subfield code="a">Hinemoana</subfield></datafield><datafield tag="550" ind1=" " ind2=" "><subfield code="a">Tangaroa</subfield></datafield><datafield tag="550" ind1=" " ind2=" "><subfield code="w">g</subfield><subfield code="a">Mahere</subfield></datafield><datafield tag="680" ind1=" " ind2=" "><subfield code="i">Scope Note: Can be used for examples of hydrographic or navigational maps or charts.</subfield></datafield></record>