<record><leader>00000nz  a2200000n  4500</leader><controlfield tag="001">2473</controlfield><controlfield tag="003">NzReo</controlfield><controlfield tag="008">060531 n anznnbab|          || ana      </controlfield><datafield tag="040" ind1=" " ind2=" "><subfield code="a">Nz</subfield><subfield code="c">Nz</subfield><subfield code="f">reo</subfield></datafield><datafield tag="150" ind1=" " ind2=" "><subfield code="a">Mahere whenua</subfield></datafield><datafield tag="450" ind1=" " ind2=" "><subfield code="a">Land maps</subfield></datafield><datafield tag="450" ind1=" " ind2=" "><subfield code="a">Maps, Land</subfield></datafield><datafield tag="550" ind1=" " ind2=" "><subfield code="a">Papa whenua</subfield></datafield><datafield tag="550" ind1=" " ind2=" "><subfield code="w">g</subfield><subfield code="a">Mahere</subfield></datafield><datafield tag="550" ind1=" " ind2=" "><subfield code="w">h</subfield><subfield code="a">Mātauranga mahere whenua</subfield></datafield><datafield tag="680" ind1=" " ind2=" "><subfield code="i">Whakamārama: Ko te mahere whenua he whakaaturanga kei hea ngā rohe, ngā huarahi haere, me ērā atu āhuatanga o te whenua.</subfield></datafield><datafield tag="680" ind1=" " ind2=" "><subfield code="i">Scope Note: Can be used for examples of land maps or works about land maps.</subfield></datafield></record>