<record><leader>00000nz  a2200000n  4500</leader><controlfield tag="001">4327</controlfield><controlfield tag="003">NzReo</controlfield><controlfield tag="008">140902 n anznnbab|          || ana      </controlfield><datafield tag="040" ind1=" " ind2=" "><subfield code="a">Nz</subfield><subfield code="c">Nz</subfield><subfield code="f">reo</subfield></datafield><datafield tag="150" ind1=" " ind2=" "><subfield code="a">Mahere whetū</subfield></datafield><datafield tag="450" ind1=" " ind2=" "><subfield code="a">Astronomical charts</subfield></datafield><datafield tag="450" ind1=" " ind2=" "><subfield code="a">Charts, Astronomical</subfield></datafield><datafield tag="450" ind1=" " ind2=" "><subfield code="a">Charts, Star</subfield></datafield><datafield tag="450" ind1=" " ind2=" "><subfield code="a">Star charts</subfield></datafield><datafield tag="550" ind1=" " ind2=" "><subfield code="a">Ranginui</subfield></datafield><datafield tag="550" ind1=" " ind2=" "><subfield code="a">Tānemāhuta</subfield></datafield><datafield tag="550" ind1=" " ind2=" "><subfield code="a">Tātai arorangi</subfield></datafield><datafield tag="550" ind1=" " ind2=" "><subfield code="a">Whānau mārama</subfield></datafield><datafield tag="550" ind1=" " ind2=" "><subfield code="w">g</subfield><subfield code="a">Mahere</subfield></datafield><datafield tag="680" ind1=" " ind2=" "><subfield code="i">Scope Note: Can be used for examples of star or astronomical maps or charts, but not astrological ones.</subfield></datafield></record>