<record><leader>00000nz  a2200000n  4500</leader><controlfield tag="001">2425</controlfield><controlfield tag="003">NzReo</controlfield><controlfield tag="008">060531 n anznnbab|          || ana      </controlfield><datafield tag="040" ind1=" " ind2=" "><subfield code="a">Nz</subfield><subfield code="c">Nz</subfield><subfield code="f">reo</subfield></datafield><datafield tag="150" ind1=" " ind2=" "><subfield code="a">Mahi hokohoko</subfield></datafield><datafield tag="450" ind1=" " ind2=" "><subfield code="a">Marketing</subfield></datafield><datafield tag="550" ind1=" " ind2=" "><subfield code="a">Pānuitanga whakatairanga</subfield></datafield><datafield tag="550" ind1=" " ind2=" "><subfield code="w">g</subfield><subfield code="a">Hokohoko</subfield></datafield><datafield tag="680" ind1=" " ind2=" "><subfield code="i">Whakamārama: Te hokohokona atu i ngā taputapu.</subfield></datafield><datafield tag="680" ind1=" " ind2=" "><subfield code="i">Scope Note: The promotion and marketing of products.</subfield></datafield></record>