<record><leader>00000nz  a2200000n  4500</leader><controlfield tag="001">3210</controlfield><controlfield tag="003">NzReo</controlfield><controlfield tag="008">101018 n anznnbab|          || ana      </controlfield><datafield tag="040" ind1=" " ind2=" "><subfield code="a">Nz</subfield><subfield code="c">Nz</subfield><subfield code="f">reo</subfield></datafield><datafield tag="150" ind1=" " ind2=" "><subfield code="a">Mahi tūao</subfield></datafield><datafield tag="450" ind1=" " ind2=" "><subfield code="a">Mahi aroha</subfield></datafield><datafield tag="450" ind1=" " ind2=" "><subfield code="a">Tohu aroha</subfield></datafield><datafield tag="450" ind1=" " ind2=" "><subfield code="a">Voluntary work</subfield></datafield><datafield tag="550" ind1=" " ind2=" "><subfield code="w">g</subfield><subfield code="a">Āhuatanga pāpori</subfield></datafield><datafield tag="550" ind1=" " ind2=" "><subfield code="w">h</subfield><subfield code="a">Kaitūao</subfield></datafield><datafield tag="550" ind1=" " ind2=" "><subfield code="w">h</subfield><subfield code="a">Wātene Māori</subfield></datafield><datafield tag="680" ind1=" " ind2=" "><subfield code="i">Whakamārama: He tohu aroha, arā he mahi i runga i te aroha a ētahi tāngata hei māngai mō ētahi atu, ā, kāore e whiwhi pūtea mō ā rātou mahi.</subfield></datafield><datafield tag="680" ind1=" " ind2=" "><subfield code="i">Scope Note: The practice of people working on behalf of others, or, for a particular cause, without payment for their time and services.</subfield></datafield></record>