<record><leader>00000nz  a2200000n  4500</leader><controlfield tag="001">3452</controlfield><controlfield tag="003">NzReo</controlfield><controlfield tag="008">101221 n anznnbab|          || ana      </controlfield><datafield tag="040" ind1=" " ind2=" "><subfield code="a">Nz</subfield><subfield code="c">Nz</subfield><subfield code="f">reo</subfield></datafield><datafield tag="150" ind1=" " ind2=" "><subfield code="a">Mahi whakaauraki</subfield></datafield><datafield tag="450" ind1=" " ind2=" "><subfield code="a">Correctional facilities</subfield></datafield><datafield tag="450" ind1=" " ind2=" "><subfield code="a">Corrections</subfield></datafield><datafield tag="550" ind1=" " ind2=" "><subfield code="a">Hara</subfield></datafield><datafield tag="550" ind1=" " ind2=" "><subfield code="a">Mātauranga haratūtanga</subfield></datafield><datafield tag="550" ind1=" " ind2=" "><subfield code="a">Ture hara</subfield></datafield><datafield tag="550" ind1=" " ind2=" "><subfield code="w">g</subfield><subfield code="a">Pūnaha ture taihara</subfield></datafield><datafield tag="550" ind1=" " ind2=" "><subfield code="w">h</subfield><subfield code="a">Whakatau take</subfield></datafield><datafield tag="680" ind1=" " ind2=" "><subfield code="i">Whakamārama: Ko te mahi whakahaere a te hunga hara mā te whakaaurakitanga, te tuku matakana me te tuku whakamātau.</subfield></datafield><datafield tag="680" ind1=" " ind2=" "><subfield code="i">Scope Note: Social control methods of offenders through a system of rehabilitation, probation and parole.</subfield></datafield></record>