<record><leader>00000nz  a2200000n  4500</leader><controlfield tag="001">3388</controlfield><controlfield tag="003">NzReo</controlfield><controlfield tag="008">101221 n anznnbab|          || ana      </controlfield><datafield tag="040" ind1=" " ind2=" "><subfield code="a">Nz</subfield><subfield code="c">Nz</subfield><subfield code="f">reo</subfield></datafield><datafield tag="150" ind1=" " ind2=" "><subfield code="a">Mahinga ika tūturu</subfield></datafield><datafield tag="450" ind1=" " ind2=" "><subfield code="a">Customary fishing</subfield></datafield><datafield tag="450" ind1=" " ind2=" "><subfield code="a">Fishing, Customary</subfield></datafield><datafield tag="450" ind1=" " ind2=" "><subfield code="a">Fishing, Subsistence</subfield></datafield><datafield tag="450" ind1=" " ind2=" "><subfield code="a">Subsistence fishing</subfield></datafield><datafield tag="550" ind1=" " ind2=" "><subfield code="a">Taiapure</subfield></datafield><datafield tag="550" ind1=" " ind2=" "><subfield code="w">g</subfield><subfield code="a">Hī ika</subfield></datafield><datafield tag="550" ind1=" " ind2=" "><subfield code="w">h</subfield><subfield code="a">Mātaitai</subfield></datafield><datafield tag="550" ind1=" " ind2=" "><subfield code="w">h</subfield><subfield code="a">Rama tuna</subfield></datafield><datafield tag="550" ind1=" " ind2=" "><subfield code="w">h</subfield><subfield code="a">Ruku kōura</subfield></datafield><datafield tag="550" ind1=" " ind2=" "><subfield code="w">h</subfield><subfield code="a">Tohi mātaitai</subfield></datafield><datafield tag="680" ind1=" " ind2=" "><subfield code="i">Whakamārama: Ko ngā tikanga nehe o te mahi hī ika, kua whakamahia e ngā whānau, e ngā hapū, e ngā iwi o ngā moana o te waitai, o te wai māori hoki.</subfield></datafield><datafield tag="680" ind1=" " ind2=" "><subfield code="i">Scope Note: Customary and subsistence fishing of marine and freshwater environments by local whānau, hapū or iwi.</subfield></datafield></record>