<record><leader>00000nz  a2200000n  4500</leader><controlfield tag="001">1162</controlfield><controlfield tag="003">NzReo</controlfield><controlfield tag="008">060331 n anznnbab|          || ana      </controlfield><datafield tag="040" ind1=" " ind2=" "><subfield code="a">Nz</subfield><subfield code="c">Nz</subfield><subfield code="f">reo</subfield></datafield><datafield tag="150" ind1=" " ind2=" "><subfield code="a">Mahinga kai o te wai</subfield></datafield><datafield tag="450" ind1=" " ind2=" "><subfield code="a">Gathering seafood</subfield></datafield><datafield tag="450" ind1=" " ind2=" "><subfield code="a">Seafood gathering</subfield></datafield><datafield tag="550" ind1=" " ind2=" "><subfield code="a">Kāika nohoaka</subfield></datafield><datafield tag="550" ind1=" " ind2=" "><subfield code="a">Kaimoana</subfield></datafield><datafield tag="550" ind1=" " ind2=" "><subfield code="a">Tangaroa</subfield></datafield><datafield tag="550" ind1=" " ind2=" "><subfield code="w">g</subfield><subfield code="a">Awa</subfield></datafield><datafield tag="550" ind1=" " ind2=" "><subfield code="w">g</subfield><subfield code="a">Moana</subfield></datafield><datafield tag="550" ind1=" " ind2=" "><subfield code="w">g</subfield><subfield code="a">Roto</subfield></datafield><datafield tag="550" ind1=" " ind2=" "><subfield code="w">h</subfield><subfield code="a">Hī ika</subfield></datafield><datafield tag="680" ind1=" " ind2=" "><subfield code="i">Whakamārama: Ka kohi kai i te wai māori, me te wai tai.</subfield></datafield><datafield tag="680" ind1=" " ind2=" "><subfield code="i">Scope Note: Gathering of food from fresh and/or saltwater.</subfield></datafield></record>