<record><leader>00000nz  a2200000n  4500</leader><controlfield tag="001">4265</controlfield><controlfield tag="003">NzReo</controlfield><controlfield tag="008">131017 n anznnbab|          || ana      </controlfield><datafield tag="040" ind1=" " ind2=" "><subfield code="a">Nz</subfield><subfield code="c">Nz</subfield><subfield code="f">reo</subfield></datafield><datafield tag="150" ind1=" " ind2=" "><subfield code="a">Mahinga kai o te whenua</subfield></datafield><datafield tag="450" ind1=" " ind2=" "><subfield code="a">Food gathering (Land)</subfield></datafield><datafield tag="550" ind1=" " ind2=" "><subfield code="a">Ahu whenua</subfield></datafield><datafield tag="550" ind1=" " ind2=" "><subfield code="a">Haumie-Tiketike</subfield></datafield><datafield tag="550" ind1=" " ind2=" "><subfield code="a">Kai</subfield></datafield><datafield tag="550" ind1=" " ind2=" "><subfield code="a">Kāika nohoaka</subfield></datafield><datafield tag="550" ind1=" " ind2=" "><subfield code="a">Rongomatāne</subfield></datafield><datafield tag="550" ind1=" " ind2=" "><subfield code="w">g</subfield><subfield code="a">Whenua</subfield></datafield><datafield tag="680" ind1=" " ind2=" "><subfield code="i">Scope Note: Land based food gathering.</subfield></datafield></record>