<record><leader>00000nz  a2200000n  4500</leader><controlfield tag="001">2037</controlfield><controlfield tag="003">NzReo</controlfield><controlfield tag="008">060524 n anznnbab|          || ana      </controlfield><datafield tag="040" ind1=" " ind2=" "><subfield code="a">Nz</subfield><subfield code="c">Nz</subfield><subfield code="f">reo</subfield></datafield><datafield tag="150" ind1=" " ind2=" "><subfield code="a">Māhoe</subfield></datafield><datafield tag="450" ind1=" " ind2=" "><subfield code="a">Hinahina</subfield></datafield><datafield tag="450" ind1=" " ind2=" "><subfield code="a">Moeahu</subfield></datafield><datafield tag="450" ind1=" " ind2=" "><subfield code="a">Whiteywoods</subfield></datafield><datafield tag="550" ind1=" " ind2=" "><subfield code="w">g</subfield><subfield code="a">Rākau whakauru</subfield></datafield><datafield tag="680" ind1=" " ind2=" "><subfield code="i">Whakamārama: He rākau waimeha. He rahirahi, he matahua ngā rau. He itiiti, he kaho he maha ngā pua. He porouri ngā hua. He māhoe, he kaikōmako ngā rākau hika i te ahi.</subfield></datafield><datafield tag="680" ind1=" " ind2=" "><subfield code="i">Scope Note: A common tree with thin oval leaves, producing many small cream flowers and purple berries. The soft wood was used with kaikōmako for making fires. Melicytus ramiflorus.</subfield></datafield></record>