<record><leader>00000nz  a2200000n  4500</leader><controlfield tag="001">2038</controlfield><controlfield tag="003">NzReo</controlfield><controlfield tag="008">060524 n anznnbab|          || ana      </controlfield><datafield tag="040" ind1=" " ind2=" "><subfield code="a">Nz</subfield><subfield code="c">Nz</subfield><subfield code="f">reo</subfield></datafield><datafield tag="150" ind1=" " ind2=" "><subfield code="a">Māhoe wao</subfield></datafield><datafield tag="450" ind1=" " ind2=" "><subfield code="a">Tāranga</subfield></datafield><datafield tag="450" ind1=" " ind2=" "><subfield code="a">Mahoe, Narrowleaved</subfield></datafield><datafield tag="450" ind1=" " ind2=" "><subfield code="a">Narrowleaved mahoe</subfield></datafield><datafield tag="550" ind1=" " ind2=" "><subfield code="w">g</subfield><subfield code="a">Rākau whakauru</subfield></datafield><datafield tag="680" ind1=" " ind2=" "><subfield code="i">Whakamārama: He momo māhoe, he roroa atu, he whāiti iho ngā rau, he hāura kōwhai ngā pua.</subfield></datafield><datafield tag="680" ind1=" " ind2=" "><subfield code="i">Scope Note: A tree resembling the māhoe but with longer and narrower leaves and yellow brown flowers. Melicytus lanceolatus.</subfield></datafield></record>