<record><leader>00000nz  a2200000n  4500</leader><controlfield tag="001">4587</controlfield><controlfield tag="003">NzReo</controlfield><controlfield tag="008">150707 n anznnbab|          || ana      </controlfield><datafield tag="040" ind1=" " ind2=" "><subfield code="a">Nz</subfield><subfield code="c">Nz</subfield><subfield code="f">reo</subfield></datafield><datafield tag="150" ind1=" " ind2=" "><subfield code="a">Mahuika</subfield></datafield><datafield tag="550" ind1=" " ind2=" "><subfield code="w">g</subfield><subfield code="a">Atua</subfield></datafield><datafield tag="680" ind1=" " ind2=" "><subfield code="i">Whakamārama: Ko te atua o te ahi.</subfield></datafield><datafield tag="680" ind1=" " ind2=" "><subfield code="i">Scope Note: The goddess of fire. In some southern tribes, Mahuika is referred to as a male.</subfield></datafield></record>