<record><leader>00000nz  a2200000n  4500</leader><controlfield tag="001">1796</controlfield><controlfield tag="003">NzReo</controlfield><controlfield tag="008">060524 n anznnbab|          || ana      </controlfield><datafield tag="040" ind1=" " ind2=" "><subfield code="a">Nz</subfield><subfield code="c">Nz</subfield><subfield code="f">reo</subfield></datafield><datafield tag="150" ind1=" " ind2=" "><subfield code="a">Māika</subfield></datafield><datafield tag="450" ind1=" " ind2=" "><subfield code="a">Māmāika</subfield></datafield><datafield tag="550" ind1=" " ind2=" "><subfield code="a">Toetoe</subfield></datafield><datafield tag="550" ind1=" " ind2=" "><subfield code="w">g</subfield><subfield code="a">Whara</subfield></datafield><datafield tag="680" ind1=" " ind2=" "><subfield code="i">Whakamārama: He momo otaota, torotika tonu te tupu, ia tau ka puta. He kāriki hāura ngā pua. He kai te para.</subfield></datafield><datafield tag="680" ind1=" " ind2=" "><subfield code="i">Scope Note: An erect annual terrestrial orchid with an edible tuber and green/brown flowers. Orthoceras strictum.</subfield></datafield></record>