<record><leader>00000nz  a2200000n  4500</leader><controlfield tag="001">3373</controlfield><controlfield tag="003">NzReo</controlfield><controlfield tag="008">101221 n anznnbab|          || ana      </controlfield><datafield tag="040" ind1=" " ind2=" "><subfield code="a">Nz</subfield><subfield code="c">Nz</subfield><subfield code="f">reo</subfield></datafield><datafield tag="150" ind1=" " ind2=" "><subfield code="a">Maimai aroha</subfield></datafield><datafield tag="450" ind1=" " ind2=" "><subfield code="a">Obituaries</subfield></datafield><datafield tag="550" ind1=" " ind2=" "><subfield code="a">Poroporoaki</subfield></datafield><datafield tag="550" ind1=" " ind2=" "><subfield code="a">Waiata tangi</subfield></datafield><datafield tag="550" ind1=" " ind2=" "><subfield code="w">g</subfield><subfield code="a">Matenga</subfield></datafield><datafield tag="550" ind1=" " ind2=" "><subfield code="w">g</subfield><subfield code="a">Pūrongorongo</subfield></datafield><datafield tag="550" ind1=" " ind2=" "><subfield code="w">h</subfield><subfield code="a">Pānuitanga mate</subfield></datafield><datafield tag="680" ind1=" " ind2=" "><subfield code="i">Whakamārama: He tohu nō te ngākau aroha ka whakapuakina e te tangata, engari, he poroporoaki, he kōrero taumata hoki mō tētahi ika i mōnehu ai, ā, ka pānui atu ki te iwi whānui e pēnei tonu ana ki aua kōrero kua tāngia i te moheni a Mana.</subfield></datafield><datafield tag="680" ind1=" " ind2=" "><subfield code="i">Scope Note: Literally "song of affection for the dead", a written farewell tribute to someone who has passed on, like those seen in the Mana magazine, that usually include a short biography of the deceased person&#146;s life. See also: Pānuitanga mate (Death notices).</subfield></datafield></record>