<record><leader>00000nz  a2200000n  4500</leader><controlfield tag="001">1634</controlfield><controlfield tag="003">NzReo</controlfield><controlfield tag="008">060524 n anznnbab|          || ana      </controlfield><datafield tag="040" ind1=" " ind2=" "><subfield code="a">Nz</subfield><subfield code="c">Nz</subfield><subfield code="f">reo</subfield></datafield><datafield tag="150" ind1=" " ind2=" "><subfield code="a">Maire hau</subfield></datafield><datafield tag="450" ind1=" " ind2=" "><subfield code="a">Māireire</subfield></datafield><datafield tag="550" ind1=" " ind2=" "><subfield code="w">g</subfield><subfield code="a">Mauwha</subfield></datafield><datafield tag="680" ind1=" " ind2=" "><subfield code="i">Whakamārama: He mauwha itiiti, rite nei ki te mingimingi. Ko ngā rau he ngohengohe, he kakara, hei mahi hinu tīare.</subfield></datafield><datafield tag="680" ind1=" " ind2=" "><subfield code="i">Scope Note: A small shrub with small greenish white flowers, red berries and a soft sweetly scented leaf used for cosmetics. Phebalium nudum.</subfield></datafield></record>