<record><leader>00000nz  a2200000n  4500</leader><controlfield tag="001">1911</controlfield><controlfield tag="003">NzReo</controlfield><controlfield tag="008">060524 n anznnbab|          || ana      </controlfield><datafield tag="040" ind1=" " ind2=" "><subfield code="a">Nz</subfield><subfield code="c">Nz</subfield><subfield code="f">reo</subfield></datafield><datafield tag="150" ind1=" " ind2=" "><subfield code="a">Maire raunui</subfield></datafield><datafield tag="450" ind1=" " ind2=" "><subfield code="a">Black maire</subfield></datafield><datafield tag="550" ind1=" " ind2=" "><subfield code="w">g</subfield><subfield code="a">Rākau whakakake</subfield></datafield><datafield tag="680" ind1=" " ind2=" "><subfield code="i">Whakamārama: He rākau nui nō te wao. Ko ngā rau he rarahi, he kōroaroa, he kāwitiwiti. Ko te tino wahie hei tahu ahi. He matahua te hanga o ngā hua, he kura kita, he kōwhai kita.</subfield></datafield><datafield tag="680" ind1=" " ind2=" "><subfield code="i">Scope Note: A large canopy tree with large spearshaped leaves. The timber was a favourite type of firewood, heavy and hard. The egg shaped fruits are bright red or yellow. Nestegis cunninghamii.</subfield></datafield></record>