<record><leader>00000nz  a2200000n  4500</leader><controlfield tag="001">1968</controlfield><controlfield tag="003">NzReo</controlfield><controlfield tag="008">060524 n anznnbab|          || ana      </controlfield><datafield tag="040" ind1=" " ind2=" "><subfield code="a">Nz</subfield><subfield code="c">Nz</subfield><subfield code="f">reo</subfield></datafield><datafield tag="150" ind1=" " ind2=" "><subfield code="a">Maire rauriki</subfield></datafield><datafield tag="450" ind1=" " ind2=" "><subfield code="a">White maire</subfield></datafield><datafield tag="550" ind1=" " ind2=" "><subfield code="w">g</subfield><subfield code="a">Rākau whakaruruhau</subfield></datafield><datafield tag="680" ind1=" " ind2=" "><subfield code="i">Whakamārama: He momo maire, anō tōna rite ko te maire raunui engari he whāiti ake he paku iho ngā rau.</subfield></datafield><datafield tag="680" ind1=" " ind2=" "><subfield code="i">Scope Note: A large canopy tree with narrow spear shaped leaves and a tapering fruit. Nestegis lanceolata.</subfield></datafield></record>