<record><leader>00000nz  a2200000n  4500</leader><controlfield tag="001">1969</controlfield><controlfield tag="003">NzReo</controlfield><controlfield tag="008">060524 n anznnbab|          || ana      </controlfield><datafield tag="040" ind1=" " ind2=" "><subfield code="a">Nz</subfield><subfield code="c">Nz</subfield><subfield code="f">reo</subfield></datafield><datafield tag="150" ind1=" " ind2=" "><subfield code="a">Maire rōroro</subfield></datafield><datafield tag="450" ind1=" " ind2=" "><subfield code="a">Maire kōtae</subfield></datafield><datafield tag="450" ind1=" " ind2=" "><subfield code="a">Narrowleaved maire</subfield></datafield><datafield tag="550" ind1=" " ind2=" "><subfield code="w">g</subfield><subfield code="a">Rākau whakaruruhau</subfield></datafield><datafield tag="680" ind1=" " ind2=" "><subfield code="i">Whakamārama: He momo maire, he whāitiiti rawa nei ngā rau.</subfield></datafield><datafield tag="680" ind1=" " ind2=" "><subfield code="i">Scope Note: A type of maire with very narrow leaves. Nestegis montana.</subfield></datafield></record>