<record><leader>00000nz  a2200000n  4500</leader><controlfield tag="001">1970</controlfield><controlfield tag="003">NzReo</controlfield><controlfield tag="008">060524 n anznnbab|          || ana      </controlfield><datafield tag="040" ind1=" " ind2=" "><subfield code="a">Nz</subfield><subfield code="c">Nz</subfield><subfield code="f">reo</subfield></datafield><datafield tag="150" ind1=" " ind2=" "><subfield code="a">Maire taiki</subfield></datafield><datafield tag="450" ind1=" " ind2=" "><subfield code="a">New Zealand sandalwoods</subfield></datafield><datafield tag="450" ind1=" " ind2=" "><subfield code="a">Willow leaved maire</subfield></datafield><datafield tag="550" ind1=" " ind2=" "><subfield code="w">g</subfield><subfield code="a">Rākau whakaruruhau</subfield></datafield><datafield tag="680" ind1=" " ind2=" "><subfield code="i">Whakamārama: He rākau tōhihi, he whāiti he mōhinuhinu ngā rau. He kura ngā hua.</subfield></datafield><datafield tag="680" ind1=" " ind2=" "><subfield code="i">Scope Note: A slender tree with glossy narrow leaves and a red fruit. Mida salicifolia.</subfield></datafield></record>