<record><leader>00000nz  a2200000n  4500</leader><controlfield tag="001">1971</controlfield><controlfield tag="003">NzReo</controlfield><controlfield tag="008">060524 n anznnbab|          || ana      </controlfield><datafield tag="040" ind1=" " ind2=" "><subfield code="a">Nz</subfield><subfield code="c">Nz</subfield><subfield code="f">reo</subfield></datafield><datafield tag="150" ind1=" " ind2=" "><subfield code="a">Maire tawake</subfield></datafield><datafield tag="450" ind1=" " ind2=" "><subfield code="a">Maire tawaki</subfield></datafield><datafield tag="450" ind1=" " ind2=" "><subfield code="a">Maire tawhaki</subfield></datafield><datafield tag="450" ind1=" " ind2=" "><subfield code="a">Swamp maire</subfield></datafield><datafield tag="550" ind1=" " ind2=" "><subfield code="w">g</subfield><subfield code="a">Rākau whakaruruhau</subfield></datafield><datafield tag="680" ind1=" " ind2=" "><subfield code="i">Whakamārama: He rākau mānihi te kiri engari he mōwhakiwhaki . He tauaroaki te tupu o ngā rau. He mā ngā pua, he rite ki o te akatea. He kura kita ngā hua.</subfield></datafield><datafield tag="680" ind1=" " ind2=" "><subfield code="i">Scope Note: A smooth barked tree with paired opposite leaves and clusters of flowers resembling those of a white rātā. The fruit is bright red. The wood is brittle. Syzygium maire.</subfield></datafield></record>