<record><leader>00000nz  a2200000n  4500</leader><controlfield tag="001">1636</controlfield><controlfield tag="003">NzReo</controlfield><controlfield tag="008">060524 n anznnbab|          || ana      </controlfield><datafield tag="040" ind1=" " ind2=" "><subfield code="a">Nz</subfield><subfield code="c">Nz</subfield><subfield code="f">reo</subfield></datafield><datafield tag="150" ind1=" " ind2=" "><subfield code="a">Mākaka</subfield></datafield><datafield tag="450" ind1=" " ind2=" "><subfield code="a">Marsh ribbonwoods</subfield></datafield><datafield tag="450" ind1=" " ind2=" "><subfield code="a">Ribbonwoods, Marsh</subfield></datafield><datafield tag="550" ind1=" " ind2=" "><subfield code="w">g</subfield><subfield code="a">Mauwha</subfield></datafield><datafield tag="680" ind1=" " ind2=" "><subfield code="i">Whakamārama: He mauwha rīrapa, he ririki ngā rau, he mā, he rite ki te whetū ngā pua. Kei te taha moana kei nga whenua reporepo e tupu ana.</subfield></datafield><datafield tag="680" ind1=" " ind2=" "><subfield code="i">Scope Note: A shrub with diverging branches, small narrow leaves, and white star-shaped flowers. It grows in salt marshes and boulder beaches. Plagianthus divaricatus.</subfield></datafield></record>