<record><leader>00000nz  a2200000n  4500</leader><controlfield tag="001">2130</controlfield><controlfield tag="003">NzReo</controlfield><controlfield tag="008">060529 n anznnbab|          || ana      </controlfield><datafield tag="040" ind1=" " ind2=" "><subfield code="a">Nz</subfield><subfield code="c">Nz</subfield><subfield code="f">reo</subfield></datafield><datafield tag="150" ind1=" " ind2=" "><subfield code="a">Mākutu</subfield></datafield><datafield tag="450" ind1=" " ind2=" "><subfield code="a">Whaiwhaia</subfield></datafield><datafield tag="450" ind1=" " ind2=" "><subfield code="a">Spells</subfield></datafield><datafield tag="550" ind1=" " ind2=" "><subfield code="a">Hauora wairua</subfield></datafield><datafield tag="550" ind1=" " ind2=" "><subfield code="a">Karakia</subfield></datafield><datafield tag="550" ind1=" " ind2=" "><subfield code="a">Mate Māori</subfield></datafield><datafield tag="550" ind1=" " ind2=" "><subfield code="a">Tohunga mākutu</subfield></datafield><datafield tag="550" ind1=" " ind2=" "><subfield code="a">Utu</subfield></datafield><datafield tag="550" ind1=" " ind2=" "><subfield code="w">g</subfield><subfield code="a">Tikanga tuku iho</subfield></datafield><datafield tag="680" ind1=" " ind2=" "><subfield code="i">Whakamārama: Ko te whare maire te wāhi hei ako i ngā āhuatanga o te mākutu. He patu i te tangata kia mate.</subfield></datafield><datafield tag="680" ind1=" " ind2=" "><subfield code="i">Scope Note: The Māori version of necromancy, casting spells to cause death.</subfield></datafield></record>