<record><leader>00000nz  a2200000n  4500</leader><controlfield tag="001">3760</controlfield><controlfield tag="003">NzReo</controlfield><controlfield tag="008">111207 n anznnbab|          || ana      </controlfield><datafield tag="040" ind1=" " ind2=" "><subfield code="a">Nz</subfield><subfield code="c">Nz</subfield><subfield code="f">reo</subfield></datafield><datafield tag="150" ind1=" " ind2=" "><subfield code="a">Māmā</subfield></datafield><datafield tag="450" ind1=" " ind2=" "><subfield code="a">Hākui</subfield></datafield><datafield tag="450" ind1=" " ind2=" "><subfield code="a">Ūkaipō (Māmā)</subfield></datafield><datafield tag="450" ind1=" " ind2=" "><subfield code="a">Whāea</subfield></datafield><datafield tag="450" ind1=" " ind2=" "><subfield code="a">Whāea kēkē</subfield></datafield><datafield tag="450" ind1=" " ind2=" "><subfield code="a">Aunties</subfield></datafield><datafield tag="450" ind1=" " ind2=" "><subfield code="a">Motherhood</subfield></datafield><datafield tag="450" ind1=" " ind2=" "><subfield code="a">Mothers</subfield></datafield><datafield tag="450" ind1=" " ind2=" "><subfield code="a">Kōkā</subfield></datafield><datafield tag="450" ind1=" " ind2=" "><subfield code="a">Whāene</subfield></datafield><datafield tag="550" ind1=" " ind2=" "><subfield code="a">Kaiako</subfield></datafield><datafield tag="550" ind1=" " ind2=" "><subfield code="a">Kuia</subfield></datafield><datafield tag="550" ind1=" " ind2=" "><subfield code="a">Mātua</subfield></datafield><datafield tag="550" ind1=" " ind2=" "><subfield code="w">g</subfield><subfield code="a">Whānau</subfield></datafield><datafield tag="680" ind1=" " ind2=" "><subfield code="i">Whakamārama: Te wahine nāna i whakawhānau ai te tamaiti ki te ao, nāna rānei i whakatipu.</subfield></datafield><datafield tag="680" ind1=" " ind2=" "><subfield code="i">Scope Note: Mothers and older female relatives, sometimes thought of as teachers. See also Kuia (Elderly women, Grandmothers).</subfield></datafield></record>