<record><leader>00000nz  a2200000n  4500</leader><controlfield tag="001">798</controlfield><controlfield tag="003">NzReo</controlfield><controlfield tag="008">050825 n anznnbab|          || ana      </controlfield><datafield tag="040" ind1=" " ind2=" "><subfield code="a">Nz</subfield><subfield code="c">Nz</subfield><subfield code="f">reo</subfield></datafield><datafield tag="150" ind1=" " ind2=" "><subfield code="a">Mamaku</subfield></datafield><datafield tag="450" ind1=" " ind2=" "><subfield code="a">Katātā</subfield></datafield><datafield tag="450" ind1=" " ind2=" "><subfield code="a">Kōrau</subfield></datafield><datafield tag="450" ind1=" " ind2=" "><subfield code="a">Black treeferns</subfield></datafield><datafield tag="450" ind1=" " ind2=" "><subfield code="a">Treeferns, Black</subfield></datafield><datafield tag="550" ind1=" " ind2=" "><subfield code="w">g</subfield><subfield code="a">Hua rākau</subfield></datafield><datafield tag="550" ind1=" " ind2=" "><subfield code="w">g</subfield><subfield code="a">Rākau whakaruruhau</subfield></datafield><datafield tag="680" ind1=" " ind2=" "><subfield code="i">Whakamārama: He kaponga tino rahi, he mangu te tīwai me ngā tākaka.</subfield></datafield><datafield tag="680" ind1=" " ind2=" "><subfield code="i">Scope Note: A large treefern with a black trunk and blackish fibrous roots. Cyathea medullaris.</subfield></datafield></record>