<record><leader>00000nz  a2200000n  4500</leader><controlfield tag="001">2039</controlfield><controlfield tag="003">NzReo</controlfield><controlfield tag="008">060524 n anznnbab|          || ana      </controlfield><datafield tag="040" ind1=" " ind2=" "><subfield code="a">Nz</subfield><subfield code="c">Nz</subfield><subfield code="f">reo</subfield></datafield><datafield tag="150" ind1=" " ind2=" "><subfield code="a">Māmāngi</subfield></datafield><datafield tag="450" ind1=" " ind2=" "><subfield code="a">Māmangi</subfield></datafield><datafield tag="450" ind1=" " ind2=" "><subfield code="a">Tree coprosma</subfield></datafield><datafield tag="550" ind1=" " ind2=" "><subfield code="w">g</subfield><subfield code="a">Rākau whakauru</subfield></datafield><datafield tag="680" ind1=" " ind2=" "><subfield code="i">Whakamārama: He rākau ririki nō te ngahere. Kei ngā takiwā ki te raki o Kāwhia me Tokomaru e tupu ana. He rite ngā tātārau ki te parirau. He rahirahi ngā rau.</subfield></datafield><datafield tag="680" ind1=" " ind2=" "><subfield code="i">Scope Note: A small tree of forest margins in the regions north of Kāwhia and Tokomaru Bay. The leaves are thin and prominently veined with winged petioles (leaf-stalks). Coprosma arborea.</subfield></datafield></record>