<record><leader>00000nz  a2200000n  4500</leader><controlfield tag="001">1079</controlfield><controlfield tag="003">NzReo</controlfield><controlfield tag="008">050831 n anznnbab|          || ana      </controlfield><datafield tag="040" ind1=" " ind2=" "><subfield code="a">Nz</subfield><subfield code="c">Nz</subfield><subfield code="f">reo</subfield></datafield><datafield tag="150" ind1=" " ind2=" "><subfield code="a">Mana ake</subfield></datafield><datafield tag="450" ind1=" " ind2=" "><subfield code="a">Self awareness</subfield></datafield><datafield tag="550" ind1=" " ind2=" "><subfield code="a">Tikanga rua</subfield></datafield><datafield tag="550" ind1=" " ind2=" "><subfield code="a">Tuakiri</subfield></datafield><datafield tag="550" ind1=" " ind2=" "><subfield code="a">Tūrangawaewae</subfield></datafield><datafield tag="550" ind1=" " ind2=" "><subfield code="w">g</subfield><subfield code="a">Hauora wairua</subfield></datafield><datafield tag="680" ind1=" " ind2=" "><subfield code="i">Whakamārama: E kore e taea e te hunga mate i te ngoikore engari kia tū pakari ai.</subfield></datafield><datafield tag="680" ind1=" " ind2=" "><subfield code="i">Scope Note: Personal identity and self-awareness. See also Tuakiri (Identity).</subfield></datafield></record>