<record><leader>00000nz  a2200000n  4500</leader><controlfield tag="001">176</controlfield><controlfield tag="003">NzReo</controlfield><controlfield tag="008">060601 n anznnbab|          || ana      </controlfield><datafield tag="040" ind1=" " ind2=" "><subfield code="a">Nz</subfield><subfield code="c">Nz</subfield><subfield code="f">reo</subfield></datafield><datafield tag="150" ind1=" " ind2=" "><subfield code="a">Mana atua</subfield></datafield><datafield tag="550" ind1=" " ind2=" "><subfield code="a">Atua</subfield></datafield><datafield tag="550" ind1=" " ind2=" "><subfield code="a">Tapu</subfield></datafield><datafield tag="550" ind1=" " ind2=" "><subfield code="a">Whakapapa</subfield></datafield><datafield tag="550" ind1=" " ind2=" "><subfield code="w">g</subfield><subfield code="a">Mana</subfield></datafield><datafield tag="680" ind1=" " ind2=" "><subfield code="i">Whakamārama: Ka heke haere mai te mana o ngā atua ki roto i ngā ariki, ā, ka whakauru atu ki roto i te tangata e whakarite ana i ngā tikanga atua.</subfield></datafield><datafield tag="680" ind1=" " ind2=" "><subfield code="i">Scope Note: Sacred power of the gods which is given to those persons who conform to sacred ritual and principles. See also: Atua (Gods), Tapu and Whakapapa (Genealogy).</subfield></datafield></record>