<record><leader>00000nz  a2200000n  4500</leader><controlfield tag="001">708</controlfield><controlfield tag="003">NzReo</controlfield><controlfield tag="008">050719 n anznnbab|          || ana      </controlfield><datafield tag="040" ind1=" " ind2=" "><subfield code="a">Nz</subfield><subfield code="c">Nz</subfield><subfield code="f">reo</subfield></datafield><datafield tag="150" ind1=" " ind2=" "><subfield code="a">Mana motuhake</subfield></datafield><datafield tag="450" ind1=" " ind2=" "><subfield code="a">Autonomy, Māori</subfield></datafield><datafield tag="450" ind1=" " ind2=" "><subfield code="a">Māori autonomy</subfield></datafield><datafield tag="450" ind1=" " ind2=" "><subfield code="a">Māori independence</subfield></datafield><datafield tag="550" ind1=" " ind2=" "><subfield code="a">Kīngitanga</subfield></datafield><datafield tag="550" ind1=" " ind2=" "><subfield code="w">g</subfield><subfield code="a">Kōtahitanga</subfield></datafield><datafield tag="550" ind1=" " ind2=" "><subfield code="w">g</subfield><subfield code="a">Mana</subfield></datafield><datafield tag="550" ind1=" " ind2=" "><subfield code="w">h</subfield><subfield code="a">Mautohe</subfield></datafield><datafield tag="550" ind1=" " ind2=" "><subfield code="w">h</subfield><subfield code="a">Tua taipūwhenuatanga</subfield></datafield><datafield tag="680" ind1=" " ind2=" "><subfield code="i">Whakamārama: He mana hei mana tangata.</subfield></datafield><datafield tag="680" ind1=" " ind2=" "><subfield code="i">Scope Note: The right to political independence.</subfield></datafield></record>