<record><leader>00000nz  a2200000n  4500</leader><controlfield tag="001">4050</controlfield><controlfield tag="003">NzReo</controlfield><controlfield tag="008">120503 n anznnbab|          || ana      </controlfield><datafield tag="040" ind1=" " ind2=" "><subfield code="a">Nz</subfield><subfield code="c">Nz</subfield><subfield code="f">reo</subfield></datafield><datafield tag="150" ind1=" " ind2=" "><subfield code="a">Mana o te wai</subfield></datafield><datafield tag="450" ind1=" " ind2=" "><subfield code="a">Rights, Riparian</subfield></datafield><datafield tag="450" ind1=" " ind2=" "><subfield code="a">Rights, Water</subfield></datafield><datafield tag="450" ind1=" " ind2=" "><subfield code="a">Riparian rights</subfield></datafield><datafield tag="450" ind1=" " ind2=" "><subfield code="a">Water rights</subfield></datafield><datafield tag="550" ind1=" " ind2=" "><subfield code="a">Mana</subfield></datafield><datafield tag="550" ind1=" " ind2=" "><subfield code="a">Taniwha</subfield></datafield><datafield tag="550" ind1=" " ind2=" "><subfield code="a">Wai</subfield></datafield><datafield tag="550" ind1=" " ind2=" "><subfield code="w">g</subfield><subfield code="a">Kaitiakitanga</subfield></datafield><datafield tag="680" ind1=" " ind2=" "><subfield code="i">Whakamārama: Mā te wai ka whai oranga tātou nō reira he tino taonga ia mō te whenua me te taiao. Kia āta tiakina e tātou ngā mātāpuna, ngā awaawa, ngā roto, ngā moana katoa mō te oranga o ā tātou uri whakatupuranga.</subfield></datafield><datafield tag="680" ind1=" " ind2=" "><subfield code="i">Scope Note: Expresses the spiritual and historical relationship between peoples and the waters on or bordering their lands, and the moral authority and responsibility to use and safeguard these. Includes the care and preservation of rivers, lakes and oceans for future generations.</subfield></datafield></record>