<record><leader>00000nz  a2200000n  4500</leader><controlfield tag="001">173</controlfield><controlfield tag="003">NzReo</controlfield><controlfield tag="008">060601 n anznnbab|          || ana      </controlfield><datafield tag="040" ind1=" " ind2=" "><subfield code="a">Nz</subfield><subfield code="c">Nz</subfield><subfield code="f">reo</subfield></datafield><datafield tag="150" ind1=" " ind2=" "><subfield code="a">Mana tāne</subfield></datafield><datafield tag="550" ind1=" " ind2=" "><subfield code="a">Tāngata</subfield></datafield><datafield tag="550" ind1=" " ind2=" "><subfield code="w">g</subfield><subfield code="a">Mana</subfield></datafield><datafield tag="680" ind1=" " ind2=" "><subfield code="i">Whakamārama: He tāne ta te tāne mahi.</subfield></datafield><datafield tag="680" ind1=" " ind2=" "><subfield code="i">Scope Note: The male element and the position held in society.</subfield></datafield></record>