<record><leader>00000nz  a2200000n  4500</leader><controlfield tag="001">3470</controlfield><controlfield tag="003">NzReo</controlfield><controlfield tag="008">101221 n anznnbab|          || ana      </controlfield><datafield tag="040" ind1=" " ind2=" "><subfield code="a">Nz</subfield><subfield code="c">Nz</subfield><subfield code="f">reo</subfield></datafield><datafield tag="150" ind1=" " ind2=" "><subfield code="a">Mana tangata</subfield></datafield><datafield tag="450" ind1=" " ind2=" "><subfield code="a">Achieved status</subfield></datafield><datafield tag="450" ind1=" " ind2=" "><subfield code="a">Status, Achieved</subfield></datafield><datafield tag="550" ind1=" " ind2=" "><subfield code="a">Pūkengatanga</subfield></datafield><datafield tag="550" ind1=" " ind2=" "><subfield code="a">Rangatira</subfield></datafield><datafield tag="550" ind1=" " ind2=" "><subfield code="a">Rangatiratanga</subfield></datafield><datafield tag="550" ind1=" " ind2=" "><subfield code="w">g</subfield><subfield code="a">Mana</subfield></datafield><datafield tag="550" ind1=" " ind2=" "><subfield code="w">h</subfield><subfield code="a">Māngai</subfield></datafield><datafield tag="550" ind1=" " ind2=" "><subfield code="w">h</subfield><subfield code="a">Pūmanawa</subfield></datafield><datafield tag="550" ind1=" " ind2=" "><subfield code="w">h</subfield><subfield code="a">Tohu</subfield></datafield><datafield tag="680" ind1=" " ind2=" "><subfield code="i">Whakamārama: Ko te mana kua whakatau mai ki te tangata nā ōna pūkengatanga hei hiki i te mana o te whānau, o te hapū, o te iwi hoki. Waihoki, he mana tō te tangata i runga ake i ōna kaha ki te whai i te mātauranga, i tētahi tohungatanga hoki.</subfield></datafield><datafield tag="680" ind1=" " ind2=" "><subfield code="i">Scope Note: Authority, influence and support earned through ones personal achievements and ability to lift the mana of the whole group. In addition, it also signifies an individuals ability to develop skills and to gain knowledge in particular areas.</subfield></datafield></record>