<record><leader>00000nz  a2200000n  4500</leader><controlfield tag="001">4231</controlfield><controlfield tag="003">NzReo</controlfield><controlfield tag="008">131015 n anznnbab|          || ana      </controlfield><datafield tag="040" ind1=" " ind2=" "><subfield code="a">Nz</subfield><subfield code="c">Nz</subfield><subfield code="f">reo</subfield></datafield><datafield tag="150" ind1=" " ind2=" "><subfield code="a">Mana tiaki tamariki</subfield></datafield><datafield tag="450" ind1=" " ind2=" "><subfield code="a">Child custody</subfield></datafield><datafield tag="450" ind1=" " ind2=" "><subfield code="a">Custody, Child</subfield></datafield><datafield tag="550" ind1=" " ind2=" "><subfield code="a">Whāngai</subfield></datafield><datafield tag="550" ind1=" " ind2=" "><subfield code="w">g</subfield><subfield code="a">Ture whānau</subfield></datafield></record>