<record><leader>00000nz  a2200000n  4500</leader><controlfield tag="001">170</controlfield><controlfield tag="003">NzReo</controlfield><controlfield tag="008">060601 n anznnbab|          || ana      </controlfield><datafield tag="040" ind1=" " ind2=" "><subfield code="a">Nz</subfield><subfield code="c">Nz</subfield><subfield code="f">reo</subfield></datafield><datafield tag="150" ind1=" " ind2=" "><subfield code="a">Mana tūpuna</subfield></datafield><datafield tag="450" ind1=" " ind2=" "><subfield code="a">Mana tipuna</subfield></datafield><datafield tag="450" ind1=" " ind2=" "><subfield code="a">Mana tuku iho</subfield></datafield><datafield tag="450" ind1=" " ind2=" "><subfield code="a">Mana whakaheke</subfield></datafield><datafield tag="550" ind1=" " ind2=" "><subfield code="a">Tapu</subfield></datafield><datafield tag="550" ind1=" " ind2=" "><subfield code="a">Tūpuna</subfield></datafield><datafield tag="550" ind1=" " ind2=" "><subfield code="a">Whakapapa</subfield></datafield><datafield tag="550" ind1=" " ind2=" "><subfield code="w">g</subfield><subfield code="a">Mana</subfield></datafield><datafield tag="680" ind1=" " ind2=" "><subfield code="i">Whakamārama: Ka heke haere mai te mana o ngā ariki ki ngā rangatira, ā, kua haere atu ki te tangata.</subfield></datafield><datafield tag="680" ind1=" " ind2=" "><subfield code="i">Scope Note: Chiefly power or authority that originates from the atua/gods and is handed down through senior male lines from generation to generation. See also: Tapu, Tūpuna (Ancestors) and Whakapapa (Genealogy).</subfield></datafield></record>