<record><leader>00000nz  a2200000n  4500</leader><controlfield tag="001">3239</controlfield><controlfield tag="003">NzReo</controlfield><controlfield tag="008">101020 n anznnbab|          || ana      </controlfield><datafield tag="040" ind1=" " ind2=" "><subfield code="a">Nz</subfield><subfield code="c">Nz</subfield><subfield code="f">reo</subfield></datafield><datafield tag="150" ind1=" " ind2=" "><subfield code="a">Mana whakahaere</subfield></datafield><datafield tag="450" ind1=" " ind2=" "><subfield code="a">Governance</subfield></datafield><datafield tag="550" ind1=" " ind2=" "><subfield code="a">Kāwanatanga</subfield></datafield><datafield tag="550" ind1=" " ind2=" "><subfield code="a">Rōpū Māori</subfield></datafield><datafield tag="550" ind1=" " ind2=" "><subfield code="a">Rūnanga ā-iwi</subfield></datafield><datafield tag="550" ind1=" " ind2=" "><subfield code="w">g</subfield><subfield code="a">Mana</subfield></datafield><datafield tag="550" ind1=" " ind2=" "><subfield code="w">h</subfield><subfield code="a">Kaitiaki (Whenua)</subfield></datafield><datafield tag="550" ind1=" " ind2=" "><subfield code="w">h</subfield><subfield code="a">Kaupapa</subfield></datafield><datafield tag="550" ind1=" " ind2=" "><subfield code="w">h</subfield><subfield code="a">Kaupapa whakaaro</subfield></datafield><datafield tag="550" ind1=" " ind2=" "><subfield code="w">h</subfield><subfield code="a">Pōtitanga</subfield></datafield><datafield tag="680" ind1=" " ind2=" "><subfield code="i">Whakamārama: He mahi whakaritenga, he tikanga, he kaupapa, he ture hoki e pā ana ki te mahi whakahaere o tētahi rōpū kia taea ai te tū.</subfield></datafield><datafield tag="680" ind1=" " ind2=" "><subfield code="i">Scope Note: A set of processes, customs, policies, laws and institutions affecting the way a group is directed, administered or controlled.</subfield></datafield></record>