<record><leader>00000nz  a2200000n  4500</leader><controlfield tag="001">2726</controlfield><controlfield tag="003">NzReo</controlfield><controlfield tag="008">060607 n anznnbab|          || ana      </controlfield><datafield tag="040" ind1=" " ind2=" "><subfield code="a">Nz</subfield><subfield code="c">Nz</subfield><subfield code="f">reo</subfield></datafield><datafield tag="150" ind1=" " ind2=" "><subfield code="a">Mana whakairo hinengaro</subfield></datafield><datafield tag="450" ind1=" " ind2=" "><subfield code="a">Cultural property rights</subfield></datafield><datafield tag="450" ind1=" " ind2=" "><subfield code="a">Intellectual property rights</subfield></datafield><datafield tag="450" ind1=" " ind2=" "><subfield code="a">Property rights, Cultural</subfield></datafield><datafield tag="450" ind1=" " ind2=" "><subfield code="a">Property rights, Intellectual</subfield></datafield><datafield tag="550" ind1=" " ind2=" "><subfield code="a">Umanga</subfield></datafield><datafield tag="550" ind1=" " ind2=" "><subfield code="w">g</subfield><subfield code="a">Mana</subfield></datafield><datafield tag="550" ind1=" " ind2=" "><subfield code="w">h</subfield><subfield code="a">Ārai</subfield></datafield><datafield tag="550" ind1=" " ind2=" "><subfield code="w">h</subfield><subfield code="a">Wai tohu</subfield></datafield><datafield tag="680" ind1=" " ind2=" "><subfield code="i">Whakamārama: He tikanga hou. Ko ngā whakaaro me ngā kōrero o te tangata, whānau, hapū, iwi ranei.</subfield></datafield><datafield tag="680" ind1=" " ind2=" "><subfield code="i">Scope Note: A contemporary concept of intellectual and cultural property.</subfield></datafield></record>