<record><leader>00000nz  a2200000n  4500</leader><controlfield tag="001">461</controlfield><controlfield tag="003">NzReo</controlfield><controlfield tag="008">050624 n anznnbab|          || ana      </controlfield><datafield tag="040" ind1=" " ind2=" "><subfield code="a">Nz</subfield><subfield code="c">Nz</subfield><subfield code="f">reo</subfield></datafield><datafield tag="150" ind1=" " ind2=" "><subfield code="a">Mana whenua</subfield></datafield><datafield tag="450" ind1=" " ind2=" "><subfield code="a">Land occupation</subfield></datafield><datafield tag="450" ind1=" " ind2=" "><subfield code="a">Land ownership</subfield></datafield><datafield tag="450" ind1=" " ind2=" "><subfield code="a">Land rights</subfield></datafield><datafield tag="450" ind1=" " ind2=" "><subfield code="a">Land tenure</subfield></datafield><datafield tag="450" ind1=" " ind2=" "><subfield code="a">Rights, Land</subfield></datafield><datafield tag="550" ind1=" " ind2=" "><subfield code="a">Hokohoko whenua</subfield></datafield><datafield tag="550" ind1=" " ind2=" "><subfield code="a">Kaitiakitanga</subfield></datafield><datafield tag="550" ind1=" " ind2=" "><subfield code="a">Papakāinga</subfield></datafield><datafield tag="550" ind1=" " ind2=" "><subfield code="a">Tiriti o Waitangi</subfield></datafield><datafield tag="550" ind1=" " ind2=" "><subfield code="a">Whenua rāhui</subfield></datafield><datafield tag="550" ind1=" " ind2=" "><subfield code="a">Whenua tautohetohe</subfield></datafield><datafield tag="550" ind1=" " ind2=" "><subfield code="w">g</subfield><subfield code="a">Mana</subfield></datafield><datafield tag="550" ind1=" " ind2=" "><subfield code="w">g</subfield><subfield code="a">Tāngata whenua</subfield></datafield><datafield tag="550" ind1=" " ind2=" "><subfield code="w">g</subfield><subfield code="a">Tikanga tuku iho</subfield></datafield><datafield tag="550" ind1=" " ind2=" "><subfield code="w">h</subfield><subfield code="a">Ahi kā</subfield></datafield><datafield tag="550" ind1=" " ind2=" "><subfield code="w">h</subfield><subfield code="a">Kāika nohoaka</subfield></datafield><datafield tag="550" ind1=" " ind2=" "><subfield code="w">h</subfield><subfield code="a">Ringa kaha</subfield></datafield><datafield tag="550" ind1=" " ind2=" "><subfield code="w">h</subfield><subfield code="a">Tuku whenua</subfield></datafield><datafield tag="550" ind1=" " ind2=" "><subfield code="w">h</subfield><subfield code="a">Tūrangawaewae</subfield></datafield><datafield tag="550" ind1=" " ind2=" "><subfield code="w">h</subfield><subfield code="a">Whenua tupuna</subfield></datafield><datafield tag="680" ind1=" " ind2=" "><subfield code="i">Whakamārama: Hei tauira, ka muimui mai a tauiwi ki te taone nūnui o Poneke i te Whanganui-a-Tara, engari kei a Te Ati Awa ngā tikanga o taua wāhi. Nō rātou te whenua.</subfield></datafield><datafield tag="680" ind1=" " ind2=" "><subfield code="i">Scope Note: Customary law relating to the iwi/tribe's connection, ownership rights and role of stewardship to a particular area of land. Used by council bodies to identify the tangata whenua/indigenous people of that particular area.</subfield></datafield></record>