<record><leader>00000nz  a2200000n  4500</leader><controlfield tag="001">3199</controlfield><controlfield tag="003">NzReo</controlfield><controlfield tag="008">101018 n anznnbab|          || ana      </controlfield><datafield tag="040" ind1=" " ind2=" "><subfield code="a">Nz</subfield><subfield code="c">Nz</subfield><subfield code="f">reo</subfield></datafield><datafield tag="150" ind1=" " ind2=" "><subfield code="a">Manaaki tangata</subfield></datafield><datafield tag="450" ind1=" " ind2=" "><subfield code="a">Counselling, Personal</subfield></datafield><datafield tag="450" ind1=" " ind2=" "><subfield code="a">Personal counselling</subfield></datafield><datafield tag="550" ind1=" " ind2=" "><subfield code="a">Atawhai</subfield></datafield><datafield tag="550" ind1=" " ind2=" "><subfield code="a">Manaakitanga</subfield></datafield><datafield tag="550" ind1=" " ind2=" "><subfield code="a">Mātauranga mate hinengaro</subfield></datafield><datafield tag="550" ind1=" " ind2=" "><subfield code="a">Tāngata</subfield></datafield><datafield tag="550" ind1=" " ind2=" "><subfield code="a">Tiakitanga</subfield></datafield><datafield tag="550" ind1=" " ind2=" "><subfield code="a">Toko i te ora</subfield></datafield><datafield tag="550" ind1=" " ind2=" "><subfield code="w">g</subfield><subfield code="a">Hauora hinengaro</subfield></datafield><datafield tag="550" ind1=" " ind2=" "><subfield code="w">g</subfield><subfield code="a">Hauora wairua</subfield></datafield><datafield tag="680" ind1=" " ind2=" "><subfield code="i">Whakamārama: He ratonga hei manaaki hei āwhina i te tangata kia whakatau ai i āna taumahatanga, i āna raruraru rānei ka pā atu ki a ia.</subfield></datafield><datafield tag="680" ind1=" " ind2=" "><subfield code="i">Scope Note: Professional assistance and guidance in the resolution of personal difficulties.</subfield></datafield></record>