<record><leader>00000nz  a2200000n  4500</leader><controlfield tag="001">1087</controlfield><controlfield tag="003">NzReo</controlfield><controlfield tag="008">050831 n anznnbab|          || ana      </controlfield><datafield tag="040" ind1=" " ind2=" "><subfield code="a">Nz</subfield><subfield code="c">Nz</subfield><subfield code="f">reo</subfield></datafield><datafield tag="150" ind1=" " ind2=" "><subfield code="a">Manaakitanga</subfield></datafield><datafield tag="450" ind1=" " ind2=" "><subfield code="a">Compassion</subfield></datafield><datafield tag="450" ind1=" " ind2=" "><subfield code="a">Hospitality</subfield></datafield><datafield tag="450" ind1=" " ind2=" "><subfield code="a">Obligations, Mutual</subfield></datafield><datafield tag="550" ind1=" " ind2=" "><subfield code="a">Hauora whānau</subfield></datafield><datafield tag="550" ind1=" " ind2=" "><subfield code="a">Manaaki tangata</subfield></datafield><datafield tag="550" ind1=" " ind2=" "><subfield code="a">Manuhiri</subfield></datafield><datafield tag="550" ind1=" " ind2=" "><subfield code="a">Toko i te ora</subfield></datafield><datafield tag="550" ind1=" " ind2=" "><subfield code="w">g</subfield><subfield code="a">Tikanga tuku iho</subfield></datafield><datafield tag="680" ind1=" " ind2=" "><subfield code="i">Whakamārama: He reo aroha, he atawhai hoki ā te tangata ki tētahi atu.</subfield></datafield><datafield tag="680" ind1=" " ind2=" "><subfield code="i">Scope Note: A term to express love and the concepts of hospitality and mutual obligation.</subfield></datafield></record>