<record><leader>00000nz  a2200000n  4500</leader><controlfield tag="001">1277</controlfield><controlfield tag="003">NzReo</controlfield><controlfield tag="008">060503 n anznnbab|          || ana      </controlfield><datafield tag="040" ind1=" " ind2=" "><subfield code="a">Nz</subfield><subfield code="c">Nz</subfield><subfield code="f">reo</subfield></datafield><datafield tag="150" ind1=" " ind2=" "><subfield code="a">Manaia</subfield></datafield><datafield tag="450" ind1=" " ind2=" "><subfield code="a">Adornments (Bird-like figures)</subfield></datafield><datafield tag="450" ind1=" " ind2=" "><subfield code="a">Jewellery (Bird-like figures)</subfield></datafield><datafield tag="550" ind1=" " ind2=" "><subfield code="a">Koropepe</subfield></datafield><datafield tag="550" ind1=" " ind2=" "><subfield code="w">g</subfield><subfield code="a">Whakakai</subfield></datafield><datafield tag="680" ind1=" " ind2=" "><subfield code="i">Whakamārama: He momo whakakai tēnei, mau i te kakau. E ōrite ana tana tinana ki te ngārara engari ko āhua manu tana mahunga.</subfield></datafield><datafield tag="680" ind1=" " ind2=" "><subfield code="i">Scope Note: An adornment usually worn about the neck of an image resembling a reptile with a birdlike head.</subfield></datafield></record>