<record><leader>00000nz  a2200000n  4500</leader><controlfield tag="001">2040</controlfield><controlfield tag="003">NzReo</controlfield><controlfield tag="008">060524 n anznnbab|          || ana      </controlfield><datafield tag="040" ind1=" " ind2=" "><subfield code="a">Nz</subfield><subfield code="c">Nz</subfield><subfield code="f">reo</subfield></datafield><datafield tag="150" ind1=" " ind2=" "><subfield code="a">Mānawa</subfield></datafield><datafield tag="450" ind1=" " ind2=" "><subfield code="a">Paetai</subfield></datafield><datafield tag="450" ind1=" " ind2=" "><subfield code="a">Waikure</subfield></datafield><datafield tag="450" ind1=" " ind2=" "><subfield code="a">Mangroves</subfield></datafield><datafield tag="550" ind1=" " ind2=" "><subfield code="w">g</subfield><subfield code="a">Rākau whakauru</subfield></datafield><datafield tag="680" ind1=" " ind2=" "><subfield code="i">Whakamārama: He rākau tupu i roto i ngā repo waitai. Ka toro ngā pakiaka, ā, ka puea ake i rahaki atu.</subfield></datafield><datafield tag="680" ind1=" " ind2=" "><subfield code="i">Scope Note: A distinctive tree with ascending aerial roots, growing on mudflats. Avicennia resinifera.</subfield></datafield></record>