<record><leader>00000nz  a2200000n  4500</leader><controlfield tag="001">1782</controlfield><controlfield tag="003">NzReo</controlfield><controlfield tag="008">060524 n anznnbab|          || ana      </controlfield><datafield tag="040" ind1=" " ind2=" "><subfield code="a">Nz</subfield><subfield code="c">Nz</subfield><subfield code="f">reo</subfield></datafield><datafield tag="150" ind1=" " ind2=" "><subfield code="a">Manehurangi</subfield></datafield><datafield tag="450" ind1=" " ind2=" "><subfield code="a">Manehu</subfield></datafield><datafield tag="450" ind1=" " ind2=" "><subfield code="a">Ferns, Filmy</subfield></datafield><datafield tag="450" ind1=" " ind2=" "><subfield code="a">Filmy ferns</subfield></datafield><datafield tag="550" ind1=" " ind2=" "><subfield code="w">g</subfield><subfield code="a">Pūkohu</subfield></datafield><datafield tag="680" ind1=" " ind2=" "><subfield code="i">Whakamārama: He huruhuru whenua ririki, tōtoro te tupu, hei whakakakara i ngā hinu panipani.</subfield></datafield><datafield tag="680" ind1=" " ind2=" "><subfield code="i">Scope Note: A small creeping fern used in making scented oils. Probably Hymenophyllum sanguinolentum.</subfield></datafield></record>