<record><leader>00000nz  a2200000n  4500</leader><controlfield tag="001">2535</controlfield><controlfield tag="003">NzReo</controlfield><controlfield tag="008">060531 n anznnbab|          || ana      </controlfield><datafield tag="040" ind1=" " ind2=" "><subfield code="a">Nz</subfield><subfield code="c">Nz</subfield><subfield code="f">reo</subfield></datafield><datafield tag="150" ind1=" " ind2=" "><subfield code="a">Manga</subfield></datafield><datafield tag="450" ind1=" " ind2=" "><subfield code="a">Haemanga</subfield></datafield><datafield tag="450" ind1=" " ind2=" "><subfield code="a">Streams</subfield></datafield><datafield tag="550" ind1=" " ind2=" "><subfield code="a">Awa</subfield></datafield><datafield tag="550" ind1=" " ind2=" "><subfield code="a">Mātāpuna</subfield></datafield><datafield tag="550" ind1=" " ind2=" "><subfield code="w">g</subfield><subfield code="a">Wai</subfield></datafield><datafield tag="550" ind1=" " ind2=" "><subfield code="w">h</subfield><subfield code="a">Pininga</subfield></datafield><datafield tag="680" ind1=" " ind2=" "><subfield code="i">Whakamārama: Ko te awa iti purua o te awa matua.</subfield></datafield><datafield tag="680" ind1=" " ind2=" "><subfield code="i">Scope Note: A term for tributary rivers, streams or brooks, often used as a prefix in placenames.</subfield></datafield></record>