<record><leader>00000nz  a2200000n  4500</leader><controlfield tag="001">2620</controlfield><controlfield tag="003">NzReo</controlfield><controlfield tag="008">060607 n anznnbab|          || ana      </controlfield><datafield tag="040" ind1=" " ind2=" "><subfield code="a">Nz</subfield><subfield code="c">Nz</subfield><subfield code="f">reo</subfield></datafield><datafield tag="150" ind1=" " ind2=" "><subfield code="a">Mangā</subfield></datafield><datafield tag="450" ind1=" " ind2=" "><subfield code="a">Barracouta</subfield></datafield><datafield tag="450" ind1=" " ind2=" "><subfield code="a">Makā</subfield></datafield><datafield tag="550" ind1=" " ind2=" "><subfield code="w">g</subfield><subfield code="a">Ika moana</subfield></datafield><datafield tag="680" ind1=" " ind2=" "><subfield code="i">Whakamārama: He ika kaikiko. He kākonu, he pango, he roa, he pāraharaha pēnei i te tātua te hanga. He roa, he kokoi te kauae.</subfield></datafield><datafield tag="680" ind1=" " ind2=" "><subfield code="i">Scope Note: A slender carnivorous fish with silver and black colouration and a long pointed jaw. Thyrsites atun.</subfield></datafield></record>