<record><leader>00000nz  a2200000n  4500</leader><controlfield tag="001">4011</controlfield><controlfield tag="003">NzReo</controlfield><controlfield tag="008">120501 n anznnbab|          || ana      </controlfield><datafield tag="040" ind1=" " ind2=" "><subfield code="a">Nz</subfield><subfield code="c">Nz</subfield><subfield code="f">reo</subfield></datafield><datafield tag="150" ind1=" " ind2=" "><subfield code="a">Māngai</subfield></datafield><datafield tag="450" ind1=" " ind2=" "><subfield code="a">Tūranga</subfield></datafield><datafield tag="450" ind1=" " ind2=" "><subfield code="a">Representatives</subfield></datafield><datafield tag="450" ind1=" " ind2=" "><subfield code="a">Whāngai (Māngai)</subfield></datafield><datafield tag="550" ind1=" " ind2=" "><subfield code="w">g</subfield><subfield code="a">Mana tangata</subfield></datafield><datafield tag="680" ind1=" " ind2=" "><subfield code="i">Whakamārama: Ko te māngai e tū kanohi ai ka tohua hei kaikōrero mō te rōpū.</subfield></datafield><datafield tag="680" ind1=" " ind2=" "><subfield code="i">Scope Note: Representatives appointed as speakers of a group. Use for works about representation.</subfield></datafield></record>