<record><leader>00000nz  a2200000n  4500</leader><controlfield tag="001">1268</controlfield><controlfield tag="003">NzReo</controlfield><controlfield tag="008">060503 n anznnbab|          || ana      </controlfield><datafield tag="040" ind1=" " ind2=" "><subfield code="a">Nz</subfield><subfield code="c">Nz</subfield><subfield code="f">reo</subfield></datafield><datafield tag="150" ind1=" " ind2=" "><subfield code="a">Mangaroa</subfield></datafield><datafield tag="450" ind1=" " ind2=" "><subfield code="a">Lattice work patterns</subfield></datafield><datafield tag="550" ind1=" " ind2=" "><subfield code="w">g</subfield><subfield code="a">Tukutuku</subfield></datafield><datafield tag="680" ind1=" " ind2=" "><subfield code="i">Whakamārama: Hei tauira tukutuku mo ngā whetu, arā ko mangaroa.</subfield></datafield><datafield tag="680" ind1=" " ind2=" "><subfield code="i">Scope Note: The tukutuku/lattice work design resembling the Milky Way.</subfield></datafield></record>