<record><leader>00000nz  a2200000n  4500</leader><controlfield tag="001">1972</controlfield><controlfield tag="003">NzReo</controlfield><controlfield tag="008">060524 n anznnbab|          || ana      </controlfield><datafield tag="040" ind1=" " ind2=" "><subfield code="a">Nz</subfield><subfield code="c">Nz</subfield><subfield code="f">reo</subfield></datafield><datafield tag="150" ind1=" " ind2=" "><subfield code="a">Mangeao</subfield></datafield><datafield tag="450" ind1=" " ind2=" "><subfield code="a">Tangeao</subfield></datafield><datafield tag="550" ind1=" " ind2=" "><subfield code="w">g</subfield><subfield code="a">Rākau whakaruruhau</subfield></datafield><datafield tag="680" ind1=" " ind2=" "><subfield code="i">Whakamārama: He maha ngā peka o tēnei rākau, he porokura ngā kākano.</subfield></datafield><datafield tag="680" ind1=" " ind2=" "><subfield code="i">Scope Note: A much branched small tree with purplish red fruit. Litsea calicaris.</subfield></datafield></record>