<record><leader>00000nz  a2200000n  4500</leader><controlfield tag="001">1576</controlfield><controlfield tag="003">NzReo</controlfield><controlfield tag="008">060524 n anznnbab|          || ana      </controlfield><datafield tag="040" ind1=" " ind2=" "><subfield code="a">Nz</subfield><subfield code="c">Nz</subfield><subfield code="f">reo</subfield></datafield><datafield tag="150" ind1=" " ind2=" "><subfield code="a">Mangemange</subfield></datafield><datafield tag="450" ind1=" " ind2=" "><subfield code="a">Bushman's mattresses</subfield></datafield><datafield tag="450" ind1=" " ind2=" "><subfield code="a">Mangimangi</subfield></datafield><datafield tag="550" ind1=" " ind2=" "><subfield code="w">g</subfield><subfield code="a">Aka</subfield></datafield><datafield tag="680" ind1=" " ind2=" "><subfield code="i">Whakamārama: He aka rīraparapa ngā tātā. Ko ngā rau, he kāriki a roto, he hinatea a waho.</subfield></datafield><datafield tag="680" ind1=" " ind2=" "><subfield code="i">Scope Note: A vine with tangled masses of stems with scattered forked leaflets, green above and grey underneath. Lygodium articulatum.</subfield></datafield></record>