<record><leader>00000nz  a2200000n  4500</leader><controlfield tag="001">846</controlfield><controlfield tag="003">NzReo</controlfield><controlfield tag="008">050831 n anznnbab|          || ana      </controlfield><datafield tag="040" ind1=" " ind2=" "><subfield code="a">Nz</subfield><subfield code="c">Nz</subfield><subfield code="f">reo</subfield></datafield><datafield tag="150" ind1=" " ind2=" "><subfield code="a">Mangōroa</subfield></datafield><datafield tag="450" ind1=" " ind2=" "><subfield code="a">Ikaroa</subfield></datafield><datafield tag="450" ind1=" " ind2=" "><subfield code="a">Tuahiwi-nui-o-Rangi</subfield></datafield><datafield tag="450" ind1=" " ind2=" "><subfield code="a">Milky Way</subfield></datafield><datafield tag="450" ind1=" " ind2=" "><subfield code="a">Te Kupenga-a-Taramainuku</subfield></datafield><datafield tag="450" ind1=" " ind2=" "><subfield code="a">Whiti-kaupeka</subfield></datafield><datafield tag="550" ind1=" " ind2=" "><subfield code="a">Kāhui o Mahutonga</subfield></datafield><datafield tag="550" ind1=" " ind2=" "><subfield code="a">Te Waka o Tama-rereti</subfield></datafield><datafield tag="550" ind1=" " ind2=" "><subfield code="w">g</subfield><subfield code="a">Tātai whetū</subfield></datafield><datafield tag="550" ind1=" " ind2=" "><subfield code="w">g</subfield><subfield code="a">Whānau mārama</subfield></datafield><datafield tag="680" ind1=" " ind2=" "><subfield code="i">Whakamārama: He momo whetū i te rangi e kīa ana ko Tuahiwi-nui-a-Rangi, ko Te Ika-a-Māui, ko Te Ika-matua-a-Tangaroa, ko Te Ika-o-te-rangi, ko Te Ikaroa, ko Te Tuahiwi-nui-o-Rangi, ko Te Whenua-o-te-rangi, ko Te Mangoroa, Ko Te Mangoroiata, ko Te Mokoroa-i-ata, ko Te Paeroa-o-Whanui, ko Te Awanui-a-Rangi, ko Te Ika-o-Raki.</subfield></datafield></record>