<record><leader>00000nz  a2200000n  4500</leader><controlfield tag="001">1892</controlfield><controlfield tag="003">NzReo</controlfield><controlfield tag="008">060524 n anznnbab|          || ana      </controlfield><datafield tag="040" ind1=" " ind2=" "><subfield code="a">Nz</subfield><subfield code="c">Nz</subfield><subfield code="f">reo</subfield></datafield><datafield tag="150" ind1=" " ind2=" "><subfield code="a">Mānihi</subfield></datafield><datafield tag="550" ind1=" " ind2=" "><subfield code="w">g</subfield><subfield code="a">Otaota waimāori</subfield></datafield><datafield tag="680" ind1=" " ind2=" "><subfield code="i">Whakamārama: He otaota rite ki te rērēwai. Tipu ai i roto i te wai. He matahua ngā rau, he taupua ētehi, he taupunga ētehi.</subfield></datafield><datafield tag="680" ind1=" " ind2=" "><subfield code="i">Scope Note: A water plant with oblong floating leaves and similar submerged leaves. Potamogeton suboblongus.</subfield></datafield></record>