<record><leader>00000nz  a2200000n  4500</leader><controlfield tag="001">1912</controlfield><controlfield tag="003">NzReo</controlfield><controlfield tag="008">060524 n anznnbab|          || ana      </controlfield><datafield tag="040" ind1=" " ind2=" "><subfield code="a">Nz</subfield><subfield code="c">Nz</subfield><subfield code="f">reo</subfield></datafield><datafield tag="150" ind1=" " ind2=" "><subfield code="a">Manoao</subfield></datafield><datafield tag="450" ind1=" " ind2=" "><subfield code="a">Manawau</subfield></datafield><datafield tag="450" ind1=" " ind2=" "><subfield code="a">Barrier pines</subfield></datafield><datafield tag="450" ind1=" " ind2=" "><subfield code="a">Kirks pines</subfield></datafield><datafield tag="450" ind1=" " ind2=" "><subfield code="a">Pines, Barrier</subfield></datafield><datafield tag="450" ind1=" " ind2=" "><subfield code="a">Pines, Kirks</subfield></datafield><datafield tag="550" ind1=" " ind2=" "><subfield code="w">g</subfield><subfield code="a">Rākau whakakake</subfield></datafield><datafield tag="680" ind1=" " ind2=" "><subfield code="i">Whakamārama: He rākau roa nō te wao. He rite ki te kauri. Kei te rohe o te Tai Tokerau e tupu ana. E mata ana, he rite ngā rau ki o te tōtara. Kia pakari, kua pipiri te noho o ngā rau.</subfield></datafield><datafield tag="680" ind1=" " ind2=" "><subfield code="i">Scope Note: A tall tree resembling the kauri and, like it, found mainly in Northland. The young leaves are sharp pointed and narrow like those of the tōtara but the adult foliage is scale-like. Halocarpus kirkii.</subfield></datafield></record>