<record><leader>00000nz  a2200000n  4500</leader><controlfield tag="001">3475</controlfield><controlfield tag="003">NzReo</controlfield><controlfield tag="008">101221 n anznnbab|          || ana      </controlfield><datafield tag="040" ind1=" " ind2=" "><subfield code="a">Nz</subfield><subfield code="c">Nz</subfield><subfield code="f">reo</subfield></datafield><datafield tag="150" ind1=" " ind2=" "><subfield code="a">Manu aute</subfield></datafield><datafield tag="450" ind1=" " ind2=" "><subfield code="a">Kites (Bird-like)</subfield></datafield><datafield tag="450" ind1=" " ind2=" "><subfield code="a">Kites (Paper mulberries)</subfield></datafield><datafield tag="550" ind1=" " ind2=" "><subfield code="a">Aute</subfield></datafield><datafield tag="550" ind1=" " ind2=" "><subfield code="w">g</subfield><subfield code="a">Manu (Whakaraka)</subfield></datafield><datafield tag="680" ind1=" " ind2=" "><subfield code="i">Whakamārama: He taonga tākaro i ūhia te hanga o ēnei momo manu ki te hiako mā o te aute.</subfield></datafield><datafield tag="680" ind1=" " ind2=" "><subfield code="i">Scope Note: Bird-like kites, with a frame of mānuka covered with bark cloth made of aute (paper mulberry).</subfield></datafield></record>