<record><leader>00000nz  a2200000n  4500</leader><controlfield tag="001">4160</controlfield><controlfield tag="003">NzReo</controlfield><controlfield tag="008">130111 n anznnbab|          || ana      </controlfield><datafield tag="040" ind1=" " ind2=" "><subfield code="a">Nz</subfield><subfield code="c">Nz</subfield><subfield code="f">reo</subfield></datafield><datafield tag="150" ind1=" " ind2=" "><subfield code="a">Manu pango</subfield></datafield><datafield tag="450" ind1=" " ind2=" "><subfield code="a">Black birds</subfield></datafield><datafield tag="450" ind1=" " ind2=" "><subfield code="a">Blackbirds</subfield></datafield><datafield tag="550" ind1=" " ind2=" "><subfield code="w">g</subfield><subfield code="a">Manu ngahere</subfield></datafield><datafield tag="680" ind1=" " ind2=" "><subfield code="i">Whakamārama: He manu rerekē, he manu huruhuru pango. He āhua karaka/kōwhai tōna waha, he kōwhai i waha i ōna karu. He āhua parauri te uwha, me he waha parauri.</subfield></datafield><datafield tag="680" ind1=" " ind2=" "><subfield code="i">Scope Note: Turdus merula, a very common introduced bird. The male is glossy black with orange-yellow bill and yellow eye-ring, while the female is dark brown with a brownish bill.</subfield></datafield></record>