<record><leader>00000nz  a2200000n  4500</leader><controlfield tag="001">2316</controlfield><controlfield tag="003">NzReo</controlfield><controlfield tag="008">060531 n anznnbab|          || ana      </controlfield><datafield tag="040" ind1=" " ind2=" "><subfield code="a">Nz</subfield><subfield code="c">Nz</subfield><subfield code="f">reo</subfield></datafield><datafield tag="150" ind1=" " ind2=" "><subfield code="a">Manuhiri</subfield></datafield><datafield tag="450" ind1=" " ind2=" "><subfield code="a">Visitors</subfield></datafield><datafield tag="550" ind1=" " ind2=" "><subfield code="a">Manaakitanga</subfield></datafield><datafield tag="550" ind1=" " ind2=" "><subfield code="a">Pōwhiri</subfield></datafield><datafield tag="550" ind1=" " ind2=" "><subfield code="w">g</subfield><subfield code="a">Tāngata</subfield></datafield><datafield tag="680" ind1=" " ind2=" "><subfield code="i">Whakamārama: Ko te hunga (tauhou pea) ka whakaeke ki te marae, ki te kāinga, ki whea rānei.</subfield></datafield><datafield tag="680" ind1=" " ind2=" "><subfield code="i">Scope Note: Visitors or guests of the tangata whenua/indigenous people of a place.</subfield></datafield></record>