<record><leader>00000nz  a2200000n  4500</leader><controlfield tag="001">1624</controlfield><controlfield tag="003">NzReo</controlfield><controlfield tag="008">060524 n anznnbab|          || ana      </controlfield><datafield tag="040" ind1=" " ind2=" "><subfield code="a">Nz</subfield><subfield code="c">Nz</subfield><subfield code="f">reo</subfield></datafield><datafield tag="150" ind1=" " ind2=" "><subfield code="a">Mānuka</subfield></datafield><datafield tag="450" ind1=" " ind2=" "><subfield code="a">Teatrees</subfield></datafield><datafield tag="550" ind1=" " ind2=" "><subfield code="a">Kānuka</subfield></datafield><datafield tag="550" ind1=" " ind2=" "><subfield code="w">g</subfield><subfield code="a">Mauwha</subfield></datafield><datafield tag="550" ind1=" " ind2=" "><subfield code="w">h</subfield><subfield code="a">Pia mānuka</subfield></datafield><datafield tag="680" ind1=" " ind2=" "><subfield code="i">Whakamārama: He mauwha tupu noa. He rite ki te kānuka engari he nunui ake ngā pua. He mā, he māwhero rānei ngā pua.</subfield></datafield><datafield tag="680" ind1=" " ind2=" "><subfield code="i">Scope Note: A very common shrub, resembling kānuka/White tea tree, but with larger white or pink flowers. Leptospermum scoparium.</subfield></datafield></record>