<record><leader>00000nz  a2200000n  4500</leader><controlfield tag="001">4228</controlfield><controlfield tag="003">NzReo</controlfield><controlfield tag="008">131015 n anznnbab|          || ana      </controlfield><datafield tag="040" ind1=" " ind2=" "><subfield code="a">Nz</subfield><subfield code="c">Nz</subfield><subfield code="f">reo</subfield></datafield><datafield tag="150" ind1=" " ind2=" "><subfield code="a">Māoritanga</subfield></datafield><datafield tag="450" ind1=" " ind2=" "><subfield code="a">Culture, Māori</subfield></datafield><datafield tag="450" ind1=" " ind2=" "><subfield code="a">Māori culture</subfield></datafield><datafield tag="550" ind1=" " ind2=" "><subfield code="a">Tikanga</subfield></datafield><datafield tag="550" ind1=" " ind2=" "><subfield code="a">Whakapapa</subfield></datafield><datafield tag="550" ind1=" " ind2=" "><subfield code="w">g</subfield><subfield code="a">Tuakiri</subfield></datafield><datafield tag="680" ind1=" " ind2=" "><subfield code="i">Whakamārama: Ko te Māoritanga ngā tikanga katoa e pā ana ki te iwi Māori.</subfield></datafield><datafield tag="680" ind1=" " ind2=" "><subfield code="i">Scope Note: Māori culture, practices, and beliefs.</subfield></datafield></record>