<record><leader>00000nz  a2200000n  4500</leader><controlfield tag="001">1840</controlfield><controlfield tag="003">NzReo</controlfield><controlfield tag="008">060524 n anznnbab|          || ana      </controlfield><datafield tag="040" ind1=" " ind2=" "><subfield code="a">Nz</subfield><subfield code="c">Nz</subfield><subfield code="f">reo</subfield></datafield><datafield tag="150" ind1=" " ind2=" "><subfield code="a">Māpere</subfield></datafield><datafield tag="550" ind1=" " ind2=" "><subfield code="w">g</subfield><subfield code="a">Toetoe</subfield></datafield><datafield tag="680" ind1=" " ind2=" "><subfield code="i">Whakamārama: He toetoe rahi, he huruhuru, he ura ngā pūhui pua. He ura anō ngā pata.</subfield></datafield><datafield tag="680" ind1=" " ind2=" "><subfield code="i">Scope Note: A large sedge with a hairy, tasselled flowerhead of a reddish brown colour. The nut is also reddish brown. Gahnia setifolia.</subfield></datafield></record>