<record><leader>00000nz  a2200000n  4500</leader><controlfield tag="001">844</controlfield><controlfield tag="003">NzReo</controlfield><controlfield tag="008">050831 n anznnbab|          || ana      </controlfield><datafield tag="040" ind1=" " ind2=" "><subfield code="a">Nz</subfield><subfield code="c">Nz</subfield><subfield code="f">reo</subfield></datafield><datafield tag="150" ind1=" " ind2=" "><subfield code="a">Marama</subfield></datafield><datafield tag="450" ind1=" " ind2=" "><subfield code="a">Ahoroa</subfield></datafield><datafield tag="450" ind1=" " ind2=" "><subfield code="a">Atarau</subfield></datafield><datafield tag="450" ind1=" " ind2=" "><subfield code="a">Māhina</subfield></datafield><datafield tag="450" ind1=" " ind2=" "><subfield code="a">Moon</subfield></datafield><datafield tag="550" ind1=" " ind2=" "><subfield code="a">Maramataka</subfield></datafield><datafield tag="550" ind1=" " ind2=" "><subfield code="a">Rona</subfield></datafield><datafield tag="550" ind1=" " ind2=" "><subfield code="a">Te Awa Atua</subfield></datafield><datafield tag="550" ind1=" " ind2=" "><subfield code="w">g</subfield><subfield code="a">Whānau mārama</subfield></datafield><datafield tag="550" ind1=" " ind2=" "><subfield code="w">h</subfield><subfield code="a">Tōriwha</subfield></datafield></record>