<record><leader>00000nz  a2200000n  4500</leader><controlfield tag="001">518</controlfield><controlfield tag="003">NzReo</controlfield><controlfield tag="008">050624 n anznnbab|          || ana      </controlfield><datafield tag="040" ind1=" " ind2=" "><subfield code="a">Nz</subfield><subfield code="c">Nz</subfield><subfield code="f">reo</subfield></datafield><datafield tag="150" ind1=" " ind2=" "><subfield code="a">Maramataka</subfield></datafield><datafield tag="450" ind1=" " ind2=" "><subfield code="a">Calendar, Lunar</subfield></datafield><datafield tag="450" ind1=" " ind2=" "><subfield code="a">Calendars</subfield></datafield><datafield tag="450" ind1=" " ind2=" "><subfield code="a">Lunar calendar</subfield></datafield><datafield tag="550" ind1=" " ind2=" "><subfield code="a">Ahu māra</subfield></datafield><datafield tag="550" ind1=" " ind2=" "><subfield code="a">Marama</subfield></datafield><datafield tag="550" ind1=" " ind2=" "><subfield code="a">Rā whānau</subfield></datafield><datafield tag="550" ind1=" " ind2=" "><subfield code="a">Rona</subfield></datafield><datafield tag="550" ind1=" " ind2=" "><subfield code="a">Tōriwha</subfield></datafield><datafield tag="550" ind1=" " ind2=" "><subfield code="w">g</subfield><subfield code="a">Ahu whenua</subfield></datafield><datafield tag="680" ind1=" " ind2=" "><subfield code="i">Whakamārama: Mā te marama e whakatohungia ana te wā mō te tipu kai, mō te kohi kai hoki.</subfield></datafield><datafield tag="680" ind1=" " ind2=" "><subfield code="i">Scope Note: Planting by the moon. Can be used for examples of calendars or for works about calendars.</subfield></datafield></record>