<record><leader>00000nz  a2200000n  4500</leader><controlfield tag="001">1053</controlfield><controlfield tag="003">NzReo</controlfield><controlfield tag="008">050831 n anznnbab|          || ana      </controlfield><datafield tag="040" ind1=" " ind2=" "><subfield code="a">Nz</subfield><subfield code="c">Nz</subfield><subfield code="f">reo</subfield></datafield><datafield tag="150" ind1=" " ind2=" "><subfield code="a">Māramatanga</subfield></datafield><datafield tag="450" ind1=" " ind2=" "><subfield code="a">Comprehension</subfield></datafield><datafield tag="450" ind1=" " ind2=" "><subfield code="a">Understanding</subfield></datafield><datafield tag="550" ind1=" " ind2=" "><subfield code="a">Kaiako</subfield></datafield><datafield tag="550" ind1=" " ind2=" "><subfield code="w">g</subfield><subfield code="a">Mātauranga</subfield></datafield><datafield tag="550" ind1=" " ind2=" "><subfield code="w">h</subfield><subfield code="a">Anga</subfield></datafield><datafield tag="550" ind1=" " ind2=" "><subfield code="w">h</subfield><subfield code="a">Tohunga</subfield></datafield><datafield tag="680" ind1=" " ind2=" "><subfield code="i">Whakamārama: Kare e kore he māramatanga kei tua atu i te mātauranga kei roto tonu i te tangata.</subfield></datafield><datafield tag="680" ind1=" " ind2=" "><subfield code="i">Scope Note: The understanding/enlightenment of knowledge.</subfield></datafield></record>