<record><leader>00000nz  a2200000n  4500</leader><controlfield tag="001">2557</controlfield><controlfield tag="003">NzReo</controlfield><controlfield tag="008">060531 n anznnbab|          || ana      </controlfield><datafield tag="040" ind1=" " ind2=" "><subfield code="a">Nz</subfield><subfield code="c">Nz</subfield><subfield code="f">reo</subfield></datafield><datafield tag="150" ind1=" " ind2=" "><subfield code="a">Marau-ā-iwi</subfield></datafield><datafield tag="450" ind1=" " ind2=" "><subfield code="a">Social studies</subfield></datafield><datafield tag="550" ind1=" " ind2=" "><subfield code="a">Āhuatanga pāpori</subfield></datafield><datafield tag="550" ind1=" " ind2=" "><subfield code="a">Iwi</subfield></datafield><datafield tag="550" ind1=" " ind2=" "><subfield code="a">Tikanga-ā-iwi</subfield></datafield><datafield tag="550" ind1=" " ind2=" "><subfield code="w">g</subfield><subfield code="a">Pūtaiao</subfield></datafield><datafield tag="550" ind1=" " ind2=" "><subfield code="w">h</subfield><subfield code="a">Noho-ā-iwi</subfield></datafield><datafield tag="680" ind1=" " ind2=" "><subfield code="i">Whakamārama: Te tirohanga o te āhua me te noho o tētahi iwi.</subfield></datafield><datafield tag="680" ind1=" " ind2=" "><subfield code="i">Scope Note: The study of an iwi/tribe's social structure.</subfield></datafield></record>