<record><leader>00000nz  a2200000n  4500</leader><controlfield tag="001">3864</controlfield><controlfield tag="003">NzReo</controlfield><controlfield tag="008">111215 n anznnbab|          || ana      </controlfield><datafield tag="040" ind1=" " ind2=" "><subfield code="a">Nz</subfield><subfield code="c">Nz</subfield><subfield code="f">reo</subfield></datafield><datafield tag="150" ind1=" " ind2=" "><subfield code="a">Mārenatanga</subfield></datafield><datafield tag="450" ind1=" " ind2=" "><subfield code="a">Mārena</subfield></datafield><datafield tag="450" ind1=" " ind2=" "><subfield code="a">Moe (Mārenatanga)</subfield></datafield><datafield tag="450" ind1=" " ind2=" "><subfield code="a">Moe māori</subfield></datafield><datafield tag="450" ind1=" " ind2=" "><subfield code="a">Tūhono</subfield></datafield><datafield tag="450" ind1=" " ind2=" "><subfield code="a">Civil unions</subfield></datafield><datafield tag="450" ind1=" " ind2=" "><subfield code="a">Defacto marriage</subfield></datafield><datafield tag="450" ind1=" " ind2=" "><subfield code="a">Marriage</subfield></datafield><datafield tag="450" ind1=" " ind2=" "><subfield code="a">Marriage, Defacto</subfield></datafield><datafield tag="550" ind1=" " ind2=" "><subfield code="a">Tāngata</subfield></datafield><datafield tag="550" ind1=" " ind2=" "><subfield code="a">Taumau</subfield></datafield><datafield tag="550" ind1=" " ind2=" "><subfield code="w">g</subfield><subfield code="a">Taihemahema</subfield></datafield><datafield tag="550" ind1=" " ind2=" "><subfield code="w">g</subfield><subfield code="a">Whakapapa</subfield></datafield><datafield tag="680" ind1=" " ind2=" "><subfield code="i">Whakamārama: Te whakaritenga ā-ture e mana ai te moe tahi a tētahi tokorua.</subfield></datafield><datafield tag="680" ind1=" " ind2=" "><subfield code="i">Scope Note: A general term covering all types of marriages, including de facto relationships and civil unions.</subfield></datafield></record>