<record><leader>00000nz  a2200000n  4500</leader><controlfield tag="001">593</controlfield><controlfield tag="003">NzReo</controlfield><controlfield tag="008">050629 n anznnbab|          || ana      </controlfield><datafield tag="040" ind1=" " ind2=" "><subfield code="a">Nz</subfield><subfield code="c">Nz</subfield><subfield code="f">reo</subfield></datafield><datafield tag="150" ind1=" " ind2=" "><subfield code="a">Maro kōpua</subfield></datafield><datafield tag="550" ind1=" " ind2=" "><subfield code="a">Raukura</subfield></datafield><datafield tag="550" ind1=" " ind2=" "><subfield code="w">g</subfield><subfield code="a">Maro</subfield></datafield><datafield tag="680" ind1=" " ind2=" "><subfield code="i">Whakamārama: He maro mo ngā wāhine hanga i te anga, i ngā raukura aha rānei.</subfield></datafield><datafield tag="680" ind1=" " ind2=" "><subfield code="i">Scope Note: A highly ornamental apron decorated with feathers, shell, etc. and worn by women.</subfield></datafield></record>