<record><leader>00000nz  a2200000n  4500</leader><controlfield tag="001">596</controlfield><controlfield tag="003">NzReo</controlfield><controlfield tag="008">050629 n anznnbab|          || ana      </controlfield><datafield tag="040" ind1=" " ind2=" "><subfield code="a">Nz</subfield><subfield code="c">Nz</subfield><subfield code="f">reo</subfield></datafield><datafield tag="150" ind1=" " ind2=" "><subfield code="a">Maro tūhou</subfield></datafield><datafield tag="550" ind1=" " ind2=" "><subfield code="a">Karamū</subfield></datafield><datafield tag="550" ind1=" " ind2=" "><subfield code="w">g</subfield><subfield code="a">Maro</subfield></datafield><datafield tag="680" ind1=" " ind2=" "><subfield code="i">Whakamārama: He maro rau karamū mō te tohunga i ngā wā kawe ritenga mō te riri.</subfield></datafield><datafield tag="680" ind1=" " ind2=" "><subfield code="i">Scope Note: A ceremonial apron made of karamū leaves and worn by a tohunga/priest for ceremonies associated with war.</subfield></datafield></record>