<record><leader>00000nz  a2200000n  4500</leader><controlfield tag="001">2623</controlfield><controlfield tag="003">NzReo</controlfield><controlfield tag="008">060607 n anznnbab|          || ana      </controlfield><datafield tag="040" ind1=" " ind2=" "><subfield code="a">Nz</subfield><subfield code="c">Nz</subfield><subfield code="f">reo</subfield></datafield><datafield tag="150" ind1=" " ind2=" "><subfield code="a">Maroro</subfield></datafield><datafield tag="450" ind1=" " ind2=" "><subfield code="a">Fishes, Flying</subfield></datafield><datafield tag="450" ind1=" " ind2=" "><subfield code="a">Flying fishes</subfield></datafield><datafield tag="550" ind1=" " ind2=" "><subfield code="w">g</subfield><subfield code="a">Ika moana</subfield></datafield><datafield tag="680" ind1=" " ind2=" "><subfield code="i">Whakamārama: He ika rite ki te aua rarahi. Ko ngā pakihau kei ngā taha o te tinana, he tino rarahi. Hei te whakapūhorutanga, ka toro ngā pakihau ka whakatipi.</subfield></datafield><datafield tag="680" ind1=" " ind2=" "><subfield code="i">Scope Note: A fish like a large aua/yellowed-eyed mullet but with very large pectoral fins which it uses to glide upon after leaping clear of the water. Cypselurus lineatus.</subfield></datafield></record>