<record><leader>00000nz  a2200000n  4500</leader><controlfield tag="001">2590</controlfield><controlfield tag="003">NzReo</controlfield><controlfield tag="008">060601 n anznnbab|          || ana      </controlfield><datafield tag="040" ind1=" " ind2=" "><subfield code="a">Nz</subfield><subfield code="c">Nz</subfield><subfield code="f">reo</subfield></datafield><datafield tag="150" ind1=" " ind2=" "><subfield code="a">Matā</subfield></datafield><datafield tag="450" ind1=" " ind2=" "><subfield code="a">Flint</subfield></datafield><datafield tag="450" ind1=" " ind2=" "><subfield code="a">Obsidian</subfield></datafield><datafield tag="550" ind1=" " ind2=" "><subfield code="w">g</subfield><subfield code="a">Kōhatu</subfield></datafield><datafield tag="680" ind1=" " ind2=" "><subfield code="i">Whakamārama: Ko ngā momo kōhatu hei tārai taonga tapatapahi, pērā i te rehu, i te paretao rānei.</subfield></datafield><datafield tag="680" ind1=" " ind2=" "><subfield code="i">Scope Note: Glassy or siliceous stone such as flint, obsidian or chert, used for making cutting tools.</subfield></datafield></record>