<record><leader>00000nz  a2200000n  4500</leader><controlfield tag="001">2328</controlfield><controlfield tag="003">NzReo</controlfield><controlfield tag="008">060531 n anznnbab|          || ana      </controlfield><datafield tag="040" ind1=" " ind2=" "><subfield code="a">Nz</subfield><subfield code="c">Nz</subfield><subfield code="f">reo</subfield></datafield><datafield tag="150" ind1=" " ind2=" "><subfield code="a">Matā kautete</subfield></datafield><datafield tag="450" ind1=" " ind2=" "><subfield code="a">Shark tooth swords</subfield></datafield><datafield tag="450" ind1=" " ind2=" "><subfield code="a">Swords, Shark tooth</subfield></datafield><datafield tag="550" ind1=" " ind2=" "><subfield code="w">g</subfield><subfield code="a">Rākau ā Tū</subfield></datafield><datafield tag="680" ind1=" " ind2=" "><subfield code="i">Whakamārama: He momo māripi, i tāraia ki te paretao, ki te niho mangō rānei.</subfield></datafield><datafield tag="680" ind1=" " ind2=" "><subfield code="i">Scope Note: A saw like weapon made from flakes of obsidian or sharks teeth fitted into a wooden frame.</subfield></datafield></record>