<record><leader>00000nz  a2200000n  4500</leader><controlfield tag="001">1913</controlfield><controlfield tag="003">NzReo</controlfield><controlfield tag="008">060524 n anznnbab|          || ana      </controlfield><datafield tag="040" ind1=" " ind2=" "><subfield code="a">Nz</subfield><subfield code="c">Nz</subfield><subfield code="f">reo</subfield></datafield><datafield tag="150" ind1=" " ind2=" "><subfield code="a">Mataī</subfield></datafield><datafield tag="450" ind1=" " ind2=" "><subfield code="a">Māī</subfield></datafield><datafield tag="450" ind1=" " ind2=" "><subfield code="a">Black pines</subfield></datafield><datafield tag="450" ind1=" " ind2=" "><subfield code="a">Pines, Black</subfield></datafield><datafield tag="550" ind1=" " ind2=" "><subfield code="w">g</subfield><subfield code="a">Rākau whakakake</subfield></datafield><datafield tag="680" ind1=" " ind2=" "><subfield code="i">Whakamārama: He rākau roa, he pākarukaru noa te kiri. He pango ngā hua. E mata ana, he rite ngā rau ki o te miro. Kia pakari kua rite ki te rau tōtara.</subfield></datafield><datafield tag="680" ind1=" " ind2=" "><subfield code="i">Scope Note: A tall tree with bark which flakes off in scales. The fruit is black. The young leaves are spread in a plane like those of miro. The adult leaves are sharper and narrower more like that of tōtara. Prumnopitys taxifolia.</subfield></datafield></record>