<record><leader>00000nz  a2200000n  4500</leader><controlfield tag="001">3381</controlfield><controlfield tag="003">NzReo</controlfield><controlfield tag="008">101221 n anznnbab|          || ana      </controlfield><datafield tag="040" ind1=" " ind2=" "><subfield code="a">Nz</subfield><subfield code="c">Nz</subfield><subfield code="f">reo</subfield></datafield><datafield tag="150" ind1=" " ind2=" "><subfield code="a">Mātaitai</subfield></datafield><datafield tag="450" ind1=" " ind2=" "><subfield code="a">Mataitai</subfield></datafield><datafield tag="450" ind1=" " ind2=" "><subfield code="a">Fishing areas (Non-commercial)</subfield></datafield><datafield tag="450" ind1=" " ind2=" "><subfield code="a">Fishing grounds (Non-commercial)</subfield></datafield><datafield tag="450" ind1=" " ind2=" "><subfield code="a">Fishing reserves (Non-commercial)</subfield></datafield><datafield tag="550" ind1=" " ind2=" "><subfield code="a">Kākahi</subfield></datafield><datafield tag="550" ind1=" " ind2=" "><subfield code="a">Taiapure</subfield></datafield><datafield tag="550" ind1=" " ind2=" "><subfield code="w">g</subfield><subfield code="a">Mahinga ika tūturu</subfield></datafield><datafield tag="550" ind1=" " ind2=" "><subfield code="w">g</subfield><subfield code="a">Taunga ika</subfield></datafield><datafield tag="680" ind1=" " ind2=" "><subfield code="i">Scope Note: An identified traditional fishing ground used for customary food gathering as defined in the Fisheries (Kaimoana Customary Fishing) Regulations 1998 established under section 186 of the Fisheries Act 1992, for non-commercial or trade purposes. Managed by a committee made up of members authorised by the tāngata whenua of the area who may put bylaws in place to manage non-commercial fishing. Use for works about iwi and hapū fishing activity in Mātaitai areas. See also: Taiapure (Fishing areas (Commercial)).</subfield></datafield></record>