<record><leader>00000nz  a2200000n  4500</leader><controlfield tag="001">2309</controlfield><controlfield tag="003">NzReo</controlfield><controlfield tag="008">060531 n anznnbab|          || ana      </controlfield><datafield tag="040" ind1=" " ind2=" "><subfield code="a">Nz</subfield><subfield code="c">Nz</subfield><subfield code="f">reo</subfield></datafield><datafield tag="150" ind1=" " ind2=" "><subfield code="a">Matakite</subfield></datafield><datafield tag="450" ind1=" " ind2=" "><subfield code="a">Second sight</subfield></datafield><datafield tag="550" ind1=" " ind2=" "><subfield code="a">Moemoeā</subfield></datafield><datafield tag="550" ind1=" " ind2=" "><subfield code="w">g</subfield><subfield code="a">Ao wairua</subfield></datafield><datafield tag="680" ind1=" " ind2=" "><subfield code="i">Whakamārama: He māramatanga i homai e te wāhi ngaro.</subfield></datafield><datafield tag="680" ind1=" " ind2=" "><subfield code="i">Scope Note: The gift of seeing beyond sight.</subfield></datafield></record>