<record><leader>00000nz  a2200000n  4500</leader><controlfield tag="001">847</controlfield><controlfield tag="003">NzReo</controlfield><controlfield tag="008">050831 n anznnbab|          || ana      </controlfield><datafield tag="040" ind1=" " ind2=" "><subfield code="a">Nz</subfield><subfield code="c">Nz</subfield><subfield code="f">reo</subfield></datafield><datafield tag="150" ind1=" " ind2=" "><subfield code="a">Matakōkiri</subfield></datafield><datafield tag="450" ind1=" " ind2=" "><subfield code="a">Kōtiritiri</subfield></datafield><datafield tag="450" ind1=" " ind2=" "><subfield code="a">Matamata kōkiri</subfield></datafield><datafield tag="450" ind1=" " ind2=" "><subfield code="a">Tumata kōkiri</subfield></datafield><datafield tag="450" ind1=" " ind2=" "><subfield code="a">Falling stars</subfield></datafield><datafield tag="450" ind1=" " ind2=" "><subfield code="a">Meteors</subfield></datafield><datafield tag="450" ind1=" " ind2=" "><subfield code="a">Tamarau</subfield></datafield><datafield tag="550" ind1=" " ind2=" "><subfield code="a">Auahi-turoa</subfield></datafield><datafield tag="550" ind1=" " ind2=" "><subfield code="w">g</subfield><subfield code="a">Whānau mārama</subfield></datafield><datafield tag="680" ind1=" " ind2=" "><subfield code="i">Whakamārama: He momo whetū e rere ana ki te ao, engari ka pā ki te whenua.</subfield></datafield><datafield tag="680" ind1=" " ind2=" "><subfield code="i">Scope Note: A type of star similar to a comet except that it falls to earth.</subfield></datafield></record>