<record><leader>00000nz  a2200000n  4500</leader><controlfield tag="001">2693</controlfield><controlfield tag="003">NzReo</controlfield><controlfield tag="008">060607 n anznnbab|          || ana      </controlfield><datafield tag="040" ind1=" " ind2=" "><subfield code="a">Nz</subfield><subfield code="c">Nz</subfield><subfield code="f">reo</subfield></datafield><datafield tag="150" ind1=" " ind2=" "><subfield code="a">Matamoe</subfield></datafield><datafield tag="450" ind1=" " ind2=" "><subfield code="a">Eels, Shortfinned</subfield></datafield><datafield tag="450" ind1=" " ind2=" "><subfield code="a">Shortfinned eels</subfield></datafield><datafield tag="550" ind1=" " ind2=" "><subfield code="w">g</subfield><subfield code="a">Tuna</subfield></datafield><datafield tag="680" ind1=" " ind2=" "><subfield code="i">Whakamārama: He tuna waimāori. He āhua roa ake te pakihau o te tuarā i tō te puku.</subfield></datafield><datafield tag="680" ind1=" " ind2=" "><subfield code="i">Scope Note: A common freshwater eel with the fin on the back only slightly longer than that on the belly.</subfield></datafield></record>