<record><leader>00000nz  a2200000n  4500</leader><controlfield tag="001">2304</controlfield><controlfield tag="003">NzReo</controlfield><controlfield tag="008">060531 n anznnbab|          || ana      </controlfield><datafield tag="040" ind1=" " ind2=" "><subfield code="a">Nz</subfield><subfield code="c">Nz</subfield><subfield code="f">reo</subfield></datafield><datafield tag="150" ind1=" " ind2=" "><subfield code="a">Matapaheru</subfield></datafield><datafield tag="550" ind1=" " ind2=" "><subfield code="a">Kūmara</subfield></datafield><datafield tag="550" ind1=" " ind2=" "><subfield code="w">g</subfield><subfield code="a">Tohunga</subfield></datafield><datafield tag="680" ind1=" " ind2=" "><subfield code="i">Whakamārama: He tohunga tiaki te māra kūmara.</subfield></datafield><datafield tag="680" ind1=" " ind2=" "><subfield code="i">Scope Note: A priest with special functions in connection with overseeing the planting and harvesting of the kūmara crop.</subfield></datafield></record>