<record><leader>00000nz  a2200000n  4500</leader><controlfield tag="001">2516</controlfield><controlfield tag="003">NzReo</controlfield><controlfield tag="008">060531 n anznnbab|          || ana      </controlfield><datafield tag="040" ind1=" " ind2=" "><subfield code="a">Nz</subfield><subfield code="c">Nz</subfield><subfield code="f">reo</subfield></datafield><datafield tag="150" ind1=" " ind2=" "><subfield code="a">Mātāpuna</subfield></datafield><datafield tag="450" ind1=" " ind2=" "><subfield code="a">Kōhuhutanga</subfield></datafield><datafield tag="450" ind1=" " ind2=" "><subfield code="a">Kōpounga</subfield></datafield><datafield tag="450" ind1=" " ind2=" "><subfield code="a">Pūkaki (Wai)</subfield></datafield><datafield tag="550" ind1=" " ind2=" "><subfield code="a">Awa</subfield></datafield><datafield tag="550" ind1=" " ind2=" "><subfield code="a">Manga</subfield></datafield><datafield tag="550" ind1=" " ind2=" "><subfield code="w">g</subfield><subfield code="a">Puna waimāori</subfield></datafield><datafield tag="680" ind1=" " ind2=" "><subfield code="i">Whakamārama: Ko te pīnga o te wai e rere ai te awa.</subfield></datafield><datafield tag="680" ind1=" " ind2=" "><subfield code="i">Scope Note: Sources of streams and rivers.</subfield></datafield></record>