<record><leader>00000nz  a2200000n  4500</leader><controlfield tag="001">2771</controlfield><controlfield tag="003">NzReo</controlfield><controlfield tag="008">071205 n anznnbab|          || ana      </controlfield><datafield tag="040" ind1=" " ind2=" "><subfield code="a">Nz</subfield><subfield code="c">Nz</subfield><subfield code="f">reo</subfield></datafield><datafield tag="150" ind1=" " ind2=" "><subfield code="a">Matareo</subfield></datafield><datafield tag="450" ind1=" " ind2=" "><subfield code="a">Language learning</subfield></datafield><datafield tag="450" ind1=" " ind2=" "><subfield code="a">Language teaching</subfield></datafield><datafield tag="550" ind1=" " ind2=" "><subfield code="w">g</subfield><subfield code="a">Ako</subfield></datafield><datafield tag="550" ind1=" " ind2=" "><subfield code="w">g</subfield><subfield code="a">Reo Māori</subfield></datafield><datafield tag="550" ind1=" " ind2=" "><subfield code="w">h</subfield><subfield code="a">Pānui pukapuka</subfield></datafield><datafield tag="680" ind1=" " ind2=" "><subfield code="i">Whakamārama: Ko te matareo te pūtake ki te ako te whakaako i te reo.</subfield></datafield><datafield tag="680" ind1=" " ind2=" "><subfield code="i">Scope Note: The interface of language, including the learning and teaching of the language.</subfield></datafield></record>