<record><leader>00000nz  a2200000n  4500</leader><controlfield tag="001">519</controlfield><controlfield tag="003">NzReo</controlfield><controlfield tag="008">050624 n anznnbab|          || ana      </controlfield><datafield tag="040" ind1=" " ind2=" "><subfield code="a">Nz</subfield><subfield code="c">Nz</subfield><subfield code="f">reo</subfield></datafield><datafield tag="150" ind1=" " ind2=" "><subfield code="a">Matariki</subfield></datafield><datafield tag="450" ind1=" " ind2=" "><subfield code="a">New Year, Māori</subfield></datafield><datafield tag="450" ind1=" " ind2=" "><subfield code="a">Pleiades</subfield></datafield><datafield tag="550" ind1=" " ind2=" "><subfield code="a">Ahu māra</subfield></datafield><datafield tag="550" ind1=" " ind2=" "><subfield code="a">Whānau mārama</subfield></datafield><datafield tag="550" ind1=" " ind2=" "><subfield code="w">g</subfield><subfield code="a">Tātai whetū</subfield></datafield><datafield tag="680" ind1=" " ind2=" "><subfield code="i">Whakamārama: Ko Matariki he tohu o te tauhou o te iwi Māori.</subfield></datafield><datafield tag="680" ind1=" " ind2=" "><subfield code="i">Scope Note: The rising of the Matariki constellation signals the beginning of the Māori New Year.</subfield></datafield></record>