<record><leader>00000nz  a2200000n  4500</leader><controlfield tag="001">2797</controlfield><controlfield tag="003">NzReo</controlfield><controlfield tag="008">071210 n anznnbab|          || ana      </controlfield><datafield tag="040" ind1=" " ind2=" "><subfield code="a">Nz</subfield><subfield code="c">Nz</subfield><subfield code="f">reo</subfield></datafield><datafield tag="150" ind1=" " ind2=" "><subfield code="a">Matatika</subfield></datafield><datafield tag="450" ind1=" " ind2=" "><subfield code="a">Ethics</subfield></datafield><datafield tag="550" ind1=" " ind2=" "><subfield code="w">g</subfield><subfield code="a">Tikanga</subfield></datafield><datafield tag="680" ind1=" " ind2=" "><subfield code="i">Whakamārama: Momo tikanga pērā i te tikanga a iwi; te tika me te whakatakotoranga tikanga.</subfield></datafield><datafield tag="680" ind1=" " ind2=" "><subfield code="i">Scope Note: A type of custom or plan that is ethically correct, e.g. a tribal tradition. Matatika may be used with another term to convey different ethical systems. For example, to convey "Environmental ethics" apply both "Matatika" and "Taiao".</subfield></datafield></record>