<record><leader>00000nz  a2200000n  4500</leader><controlfield tag="001">1050</controlfield><controlfield tag="003">NzReo</controlfield><controlfield tag="008">050831 n anznnbab|          || ana      </controlfield><datafield tag="040" ind1=" " ind2=" "><subfield code="a">Nz</subfield><subfield code="c">Nz</subfield><subfield code="f">reo</subfield></datafield><datafield tag="150" ind1=" " ind2=" "><subfield code="a">Mātauranga</subfield></datafield><datafield tag="450" ind1=" " ind2=" "><subfield code="a">Education</subfield></datafield><datafield tag="550" ind1=" " ind2=" "><subfield code="a">Anga</subfield></datafield><datafield tag="550" ind1=" " ind2=" "><subfield code="a">Karahipi</subfield></datafield><datafield tag="550" ind1=" " ind2=" "><subfield code="a">Mātauranga hapori</subfield></datafield><datafield tag="550" ind1=" " ind2=" "><subfield code="a">Mātauranga haratūtanga</subfield></datafield><datafield tag="550" ind1=" " ind2=" "><subfield code="a">Mātauranga hauora kararehe</subfield></datafield><datafield tag="550" ind1=" " ind2=" "><subfield code="a">Mātauranga huaota</subfield></datafield><datafield tag="550" ind1=" " ind2=" "><subfield code="a">Mātauranga kararehe</subfield></datafield><datafield tag="550" ind1=" " ind2=" "><subfield code="a">Mātauranga koiora</subfield></datafield><datafield tag="550" ind1=" " ind2=" "><subfield code="a">Mātauranga mate hinengaro</subfield></datafield><datafield tag="550" ind1=" " ind2=" "><subfield code="a">Mātauranga matū</subfield></datafield><datafield tag="550" ind1=" " ind2=" "><subfield code="a">Mātauranga taupuhi kaiao</subfield></datafield><datafield tag="550" ind1=" " ind2=" "><subfield code="a">Mātauranga tikanga tāngata</subfield></datafield><datafield tag="550" ind1=" " ind2=" "><subfield code="a">Mātauranga tōrangapū</subfield></datafield><datafield tag="550" ind1=" " ind2=" "><subfield code="a">Mātauranga waka tuarangi</subfield></datafield><datafield tag="550" ind1=" " ind2=" "><subfield code="a">Mātauranga wetereo</subfield></datafield><datafield tag="550" ind1=" " ind2=" "><subfield code="a">Tohunga</subfield></datafield><datafield tag="550" ind1=" " ind2=" "><subfield code="w">h</subfield><subfield code="a">Māramatanga</subfield></datafield><datafield tag="550" ind1=" " ind2=" "><subfield code="w">h</subfield><subfield code="a">Mātauranga tāhuhu tonu</subfield></datafield><datafield tag="550" ind1=" " ind2=" "><subfield code="w">h</subfield><subfield code="a">Mōhiotanga</subfield></datafield><datafield tag="550" ind1=" " ind2=" "><subfield code="w">h</subfield><subfield code="a">Pakeke whai mātauranga</subfield></datafield><datafield tag="550" ind1=" " ind2=" "><subfield code="w">h</subfield><subfield code="a">Pūkengatanga</subfield></datafield><datafield tag="550" ind1=" " ind2=" "><subfield code="w">h</subfield><subfield code="a">Rangahau</subfield></datafield><datafield tag="550" ind1=" " ind2=" "><subfield code="w">h</subfield><subfield code="a">Tohu mātauranga</subfield></datafield><datafield tag="550" ind1=" " ind2=" "><subfield code="w">h</subfield><subfield code="a">Waihanga</subfield></datafield><datafield tag="550" ind1=" " ind2=" "><subfield code="w">h</subfield><subfield code="a">Wānanga</subfield></datafield><datafield tag="680" ind1=" " ind2=" "><subfield code="i">Whakamārama: Ko te mātauranga te puna o ngā mōhiotanga katoa, mai i te tupuranga, te mahinga, me te akoranga.</subfield></datafield><datafield tag="680" ind1=" " ind2=" "><subfield code="i">Scope Note: Theoretical or practical knowledge acquired through education and/or experience.</subfield></datafield></record>