<record><leader>00000nz  a2200000n  4500</leader><controlfield tag="001">2498</controlfield><controlfield tag="003">NzReo</controlfield><controlfield tag="008">060531 n anznnbab|          || ana      </controlfield><datafield tag="040" ind1=" " ind2=" "><subfield code="a">Nz</subfield><subfield code="c">Nz</subfield><subfield code="f">reo</subfield></datafield><datafield tag="150" ind1=" " ind2=" "><subfield code="a">Mātauranga haratūtanga</subfield></datafield><datafield tag="450" ind1=" " ind2=" "><subfield code="a">Criminology</subfield></datafield><datafield tag="550" ind1=" " ind2=" "><subfield code="a">Hara</subfield></datafield><datafield tag="550" ind1=" " ind2=" "><subfield code="a">Mahi whakaauraki</subfield></datafield><datafield tag="550" ind1=" " ind2=" "><subfield code="a">Mātauranga</subfield></datafield><datafield tag="550" ind1=" " ind2=" "><subfield code="a">Mauhere</subfield></datafield><datafield tag="550" ind1=" " ind2=" "><subfield code="a">Pārurenga</subfield></datafield><datafield tag="550" ind1=" " ind2=" "><subfield code="a">Ture</subfield></datafield><datafield tag="550" ind1=" " ind2=" "><subfield code="a">Whare herehere</subfield></datafield><datafield tag="550" ind1=" " ind2=" "><subfield code="w">g</subfield><subfield code="a">Pūtaiao</subfield></datafield><datafield tag="680" ind1=" " ind2=" "><subfield code="i">Whakamārama: Mātauranga haratūtanga.</subfield></datafield><datafield tag="680" ind1=" " ind2=" "><subfield code="i">Scope Note: Scientific study of crime.</subfield></datafield></record>