<record><leader>00000nz  a2200000n  4500</leader><controlfield tag="001">232</controlfield><controlfield tag="003">NzReo</controlfield><controlfield tag="008">060607 n anznnbab|          || ana      </controlfield><datafield tag="040" ind1=" " ind2=" "><subfield code="a">Nz</subfield><subfield code="c">Nz</subfield><subfield code="f">reo</subfield></datafield><datafield tag="150" ind1=" " ind2=" "><subfield code="a">Mātauranga hauora kararehe</subfield></datafield><datafield tag="450" ind1=" " ind2=" "><subfield code="a">Science, Veterinary</subfield></datafield><datafield tag="450" ind1=" " ind2=" "><subfield code="a">Veterinary science</subfield></datafield><datafield tag="550" ind1=" " ind2=" "><subfield code="a">Kararehe</subfield></datafield><datafield tag="550" ind1=" " ind2=" "><subfield code="a">Mātauranga</subfield></datafield><datafield tag="550" ind1=" " ind2=" "><subfield code="a">Mātauranga kararehe</subfield></datafield><datafield tag="550" ind1=" " ind2=" "><subfield code="w">g</subfield><subfield code="a">Pūtaiao</subfield></datafield><datafield tag="680" ind1=" " ind2=" "><subfield code="i">Whakamārama: Te mahi whakaora i ngā kararehe.</subfield></datafield><datafield tag="680" ind1=" " ind2=" "><subfield code="i">Scope Note: The treatment of diseased or injured animals.</subfield></datafield></record>