<record><leader>00000nz  a2200000n  4500</leader><controlfield tag="001">253</controlfield><controlfield tag="003">NzReo</controlfield><controlfield tag="008">060607 n anznnbab|          || ana      </controlfield><datafield tag="040" ind1=" " ind2=" "><subfield code="a">Nz</subfield><subfield code="c">Nz</subfield><subfield code="f">reo</subfield></datafield><datafield tag="150" ind1=" " ind2=" "><subfield code="a">Mātauranga huaota</subfield></datafield><datafield tag="450" ind1=" " ind2=" "><subfield code="a">Botany</subfield></datafield><datafield tag="550" ind1=" " ind2=" "><subfield code="a">Ahu whenua</subfield></datafield><datafield tag="550" ind1=" " ind2=" "><subfield code="a">Mātauranga</subfield></datafield><datafield tag="550" ind1=" " ind2=" "><subfield code="a">Te Wao nui a Tāne</subfield></datafield><datafield tag="550" ind1=" " ind2=" "><subfield code="w">g</subfield><subfield code="a">Pūtaiao</subfield></datafield><datafield tag="680" ind1=" " ind2=" "><subfield code="i">Whakamārama: Te akoranga o te wao.</subfield></datafield><datafield tag="680" ind1=" " ind2=" "><subfield code="i">Scope Note: The scientific study of plants.</subfield></datafield></record>