<record><leader>00000nz  a2200000n  4500</leader><controlfield tag="001">271</controlfield><controlfield tag="003">NzReo</controlfield><controlfield tag="008">060608 n anznnbab|          || ana      </controlfield><datafield tag="040" ind1=" " ind2=" "><subfield code="a">Nz</subfield><subfield code="c">Nz</subfield><subfield code="f">reo</subfield></datafield><datafield tag="150" ind1=" " ind2=" "><subfield code="a">Mātauranga kararehe</subfield></datafield><datafield tag="450" ind1=" " ind2=" "><subfield code="a">Mātai kīrehe</subfield></datafield><datafield tag="450" ind1=" " ind2=" "><subfield code="a">Zoology</subfield></datafield><datafield tag="550" ind1=" " ind2=" "><subfield code="a">Kararehe</subfield></datafield><datafield tag="550" ind1=" " ind2=" "><subfield code="a">Mātauranga</subfield></datafield><datafield tag="550" ind1=" " ind2=" "><subfield code="a">Mātauranga hauora kararehe</subfield></datafield><datafield tag="550" ind1=" " ind2=" "><subfield code="w">g</subfield><subfield code="a">Pūtaiao</subfield></datafield><datafield tag="680" ind1=" " ind2=" "><subfield code="i">Whakamārama: Te akoranga o te āhuatanga o ngā kararehe.</subfield></datafield><datafield tag="680" ind1=" " ind2=" "><subfield code="i">Scope Note: Zoology, the study of the natural history and science of animals.</subfield></datafield></record>