<record><leader>00000nz  a2200000n  4500</leader><controlfield tag="001">230</controlfield><controlfield tag="003">NzReo</controlfield><controlfield tag="008">060607 n anznnbab|          || ana      </controlfield><datafield tag="040" ind1=" " ind2=" "><subfield code="a">Nz</subfield><subfield code="c">Nz</subfield><subfield code="f">reo</subfield></datafield><datafield tag="150" ind1=" " ind2=" "><subfield code="a">Mātauranga koiora</subfield></datafield><datafield tag="450" ind1=" " ind2=" "><subfield code="a">Mātai koiora</subfield></datafield><datafield tag="450" ind1=" " ind2=" "><subfield code="a">Biology</subfield></datafield><datafield tag="550" ind1=" " ind2=" "><subfield code="a">Mātauranga</subfield></datafield><datafield tag="550" ind1=" " ind2=" "><subfield code="w">g</subfield><subfield code="a">Koiora</subfield></datafield><datafield tag="680" ind1=" " ind2=" "><subfield code="i">Whakamārama: He peka matua tēnei o te mātauranga pūtaiao e aro ana ki ngā mea ora o te ao nei.</subfield></datafield><datafield tag="680" ind1=" " ind2=" "><subfield code="i">Scope Note: The scientific study of living organisms.</subfield></datafield></record>