<record><leader>00000nz  a2200000n  4500</leader><controlfield tag="001">255</controlfield><controlfield tag="003">NzReo</controlfield><controlfield tag="008">060607 n anznnbab|          || ana      </controlfield><datafield tag="040" ind1=" " ind2=" "><subfield code="a">Nz</subfield><subfield code="c">Nz</subfield><subfield code="f">reo</subfield></datafield><datafield tag="150" ind1=" " ind2=" "><subfield code="a">Mātauranga mahere whenua</subfield></datafield><datafield tag="450" ind1=" " ind2=" "><subfield code="a">Topography</subfield></datafield><datafield tag="550" ind1=" " ind2=" "><subfield code="a">Papatūānuku</subfield></datafield><datafield tag="550" ind1=" " ind2=" "><subfield code="w">g</subfield><subfield code="a">Mahere whenua</subfield></datafield><datafield tag="680" ind1=" " ind2=" "><subfield code="i">Whakamārama: Te akoranga a te āhuatanga o te whenua.</subfield></datafield><datafield tag="680" ind1=" " ind2=" "><subfield code="i">Scope Note: Detailed description on maps of natural and artificial features of a town, district, etc.</subfield></datafield></record>