<record><leader>00000nz  a2200000n  4500</leader><controlfield tag="001">228</controlfield><controlfield tag="003">NzReo</controlfield><controlfield tag="008">060607 n anznnbab|          || ana      </controlfield><datafield tag="040" ind1=" " ind2=" "><subfield code="a">Nz</subfield><subfield code="c">Nz</subfield><subfield code="f">reo</subfield></datafield><datafield tag="150" ind1=" " ind2=" "><subfield code="a">Mātauranga mate hinengaro</subfield></datafield><datafield tag="450" ind1=" " ind2=" "><subfield code="a">Psychiatry</subfield></datafield><datafield tag="550" ind1=" " ind2=" "><subfield code="a">Hauora hinengaro</subfield></datafield><datafield tag="550" ind1=" " ind2=" "><subfield code="a">Manaaki tangata</subfield></datafield><datafield tag="550" ind1=" " ind2=" "><subfield code="a">Mātauranga</subfield></datafield><datafield tag="550" ind1=" " ind2=" "><subfield code="w">g</subfield><subfield code="a">Pūtaiao</subfield></datafield><datafield tag="680" ind1=" " ind2=" "><subfield code="i">Whakamārama: Te akoranga o te whakaora tangata mate i te wairangi, pōrangi rānei.</subfield></datafield><datafield tag="680" ind1=" " ind2=" "><subfield code="i">Scope Note: The study and treatment of mental illness.</subfield></datafield></record>