<record><leader>00000nz  a2200000n  4500</leader><controlfield tag="001">195</controlfield><controlfield tag="003">NzReo</controlfield><controlfield tag="008">060606 n anznnbab|          || ana      </controlfield><datafield tag="040" ind1=" " ind2=" "><subfield code="a">Nz</subfield><subfield code="c">Nz</subfield><subfield code="f">reo</subfield></datafield><datafield tag="150" ind1=" " ind2=" "><subfield code="a">Mātauranga taupuhi kaiao</subfield></datafield><datafield tag="450" ind1=" " ind2=" "><subfield code="a">Mātai hauropi</subfield></datafield><datafield tag="450" ind1=" " ind2=" "><subfield code="a">Rangahau taiao</subfield></datafield><datafield tag="450" ind1=" " ind2=" "><subfield code="a">Ecology</subfield></datafield><datafield tag="550" ind1=" " ind2=" "><subfield code="a">Mātauranga</subfield></datafield><datafield tag="550" ind1=" " ind2=" "><subfield code="w">g</subfield><subfield code="a">Pūtaiao</subfield></datafield><datafield tag="550" ind1=" " ind2=" "><subfield code="w">h</subfield><subfield code="a">Mātauranga taupuhi kaiao wai</subfield></datafield><datafield tag="550" ind1=" " ind2=" "><subfield code="w">h</subfield><subfield code="a">Te tini whanaunga o ngahere</subfield></datafield><datafield tag="680" ind1=" " ind2=" "><subfield code="i">Whakamārama: Te āta tirohia i te noho piritahi o ngā mea ora i te ao.</subfield></datafield><datafield tag="680" ind1=" " ind2=" "><subfield code="i">Scope Note: Study of the relation of organisms to one another and their surrounding environment.</subfield></datafield></record>