<record><leader>00000nz  a2200000n  4500</leader><controlfield tag="001">212</controlfield><controlfield tag="003">NzReo</controlfield><controlfield tag="008">060606 n anznnbab|          || ana      </controlfield><datafield tag="040" ind1=" " ind2=" "><subfield code="a">Nz</subfield><subfield code="c">Nz</subfield><subfield code="f">reo</subfield></datafield><datafield tag="150" ind1=" " ind2=" "><subfield code="a">Mātauranga tikanga tāngata</subfield></datafield><datafield tag="450" ind1=" " ind2=" "><subfield code="a">Take tikanga tangata</subfield></datafield><datafield tag="450" ind1=" " ind2=" "><subfield code="a">Anthropology</subfield></datafield><datafield tag="550" ind1=" " ind2=" "><subfield code="a">Mātauranga</subfield></datafield><datafield tag="550" ind1=" " ind2=" "><subfield code="a">Rangahau o te noho-ā-iwi</subfield></datafield><datafield tag="550" ind1=" " ind2=" "><subfield code="a">Tikanga</subfield></datafield><datafield tag="550" ind1=" " ind2=" "><subfield code="w">g</subfield><subfield code="a">Pūtaiao</subfield></datafield><datafield tag="550" ind1=" " ind2=" "><subfield code="w">g</subfield><subfield code="a">Tāngata</subfield></datafield><datafield tag="680" ind1=" " ind2=" "><subfield code="i">Whakamārama: Te tirohanga tikanga tāngata.</subfield></datafield><datafield tag="680" ind1=" " ind2=" "><subfield code="i">Scope Note: The study of mankind, societies and customs.</subfield></datafield></record>