<record><leader>00000nz  a2200000n  4500</leader><controlfield tag="001">2500</controlfield><controlfield tag="003">NzReo</controlfield><controlfield tag="008">060531 n anznnbab|          || ana      </controlfield><datafield tag="040" ind1=" " ind2=" "><subfield code="a">Nz</subfield><subfield code="c">Nz</subfield><subfield code="f">reo</subfield></datafield><datafield tag="150" ind1=" " ind2=" "><subfield code="a">Mātauranga tōrangapū</subfield></datafield><datafield tag="450" ind1=" " ind2=" "><subfield code="a">Pūtaiao tōrangapū</subfield></datafield><datafield tag="450" ind1=" " ind2=" "><subfield code="a">Political science</subfield></datafield><datafield tag="550" ind1=" " ind2=" "><subfield code="a">Mātauranga</subfield></datafield><datafield tag="550" ind1=" " ind2=" "><subfield code="a">Tōrangapū</subfield></datafield><datafield tag="550" ind1=" " ind2=" "><subfield code="w">g</subfield><subfield code="a">Pūtaiao</subfield></datafield><datafield tag="680" ind1=" " ind2=" "><subfield code="i">Whakamārama: Te akoranga mātauranga o ngā tōrangapū a te kawanatanga.</subfield></datafield><datafield tag="680" ind1=" " ind2=" "><subfield code="i">Scope Note: Study of political activity and systems of government.</subfield></datafield></record>