<record><leader>00000nz  a2200000n  4500</leader><controlfield tag="001">1293</controlfield><controlfield tag="003">NzReo</controlfield><controlfield tag="008">060505 n anznnbab|          || ana      </controlfield><datafield tag="040" ind1=" " ind2=" "><subfield code="a">Nz</subfield><subfield code="c">Nz</subfield><subfield code="f">reo</subfield></datafield><datafield tag="150" ind1=" " ind2=" "><subfield code="a">Mate Māori</subfield></datafield><datafield tag="550" ind1=" " ind2=" "><subfield code="a">Mākutu</subfield></datafield><datafield tag="550" ind1=" " ind2=" "><subfield code="w">g</subfield><subfield code="a">Mate</subfield></datafield><datafield tag="680" ind1=" " ind2=" "><subfield code="i">Whakamārama: Ko te nuinga o tēnei momo mate he rite tonu ki te makutu.</subfield></datafield><datafield tag="680" ind1=" " ind2=" "><subfield code="i">Scope Note: A reaction to an event that affects the mental, spiritual and physical well-being of a person, e.g. Rain of the children.</subfield></datafield></record>