<record><leader>00000nz  a2200000n  4500</leader><controlfield tag="001">2868</controlfield><controlfield tag="003">NzReo</controlfield><controlfield tag="008">091027 n anznnbab|          || ana      </controlfield><datafield tag="040" ind1=" " ind2=" "><subfield code="a">Nz</subfield><subfield code="c">Nz</subfield><subfield code="f">reo</subfield></datafield><datafield tag="150" ind1=" " ind2=" "><subfield code="a">Mate pukupuku</subfield></datafield><datafield tag="450" ind1=" " ind2=" "><subfield code="a">Cancer</subfield></datafield><datafield tag="550" ind1=" " ind2=" "><subfield code="w">g</subfield><subfield code="a">Tahumaero</subfield></datafield><datafield tag="550" ind1=" " ind2=" "><subfield code="w">h</subfield><subfield code="a">Kōpū pukupuku</subfield></datafield><datafield tag="550" ind1=" " ind2=" "><subfield code="w">h</subfield><subfield code="a">Mate atewharowharo pukupuku</subfield></datafield><datafield tag="550" ind1=" " ind2=" "><subfield code="w">h</subfield><subfield code="a">Mate kiri pukupuku</subfield></datafield><datafield tag="550" ind1=" " ind2=" "><subfield code="w">h</subfield><subfield code="a">Mate ū</subfield></datafield><datafield tag="550" ind1=" " ind2=" "><subfield code="w">h</subfield><subfield code="a">Mate whēkau pukupuku</subfield></datafield><datafield tag="680" ind1=" " ind2=" "><subfield code="i">Scope Note: See narrower terms for specific cancers, e.g. cervical cancer, lung cancer</subfield></datafield></record>