<record><leader>00000nz  a2200000n  4500</leader><controlfield tag="001">2778</controlfield><controlfield tag="003">NzReo</controlfield><controlfield tag="008">090814 n anznnbab|          || ana      </controlfield><datafield tag="040" ind1=" " ind2=" "><subfield code="a">Nz</subfield><subfield code="c">Nz</subfield><subfield code="f">reo</subfield></datafield><datafield tag="150" ind1=" " ind2=" "><subfield code="a">Mate rerekē</subfield></datafield><datafield tag="450" ind1=" " ind2=" "><subfield code="a">Illness</subfield></datafield><datafield tag="450" ind1=" " ind2=" "><subfield code="a">Mental illness</subfield></datafield><datafield tag="550" ind1=" " ind2=" "><subfield code="w">g</subfield><subfield code="a">Mate</subfield></datafield><datafield tag="550" ind1=" " ind2=" "><subfield code="w">h</subfield><subfield code="a">Kahungatanga</subfield></datafield><datafield tag="550" ind1=" " ind2=" "><subfield code="w">h</subfield><subfield code="a">Mate whakamomori</subfield></datafield><datafield tag="550" ind1=" " ind2=" "><subfield code="w">h</subfield><subfield code="a">Tahumaero</subfield></datafield><datafield tag="550" ind1=" " ind2=" "><subfield code="w">h</subfield><subfield code="a">Tūkinotanga</subfield></datafield><datafield tag="680" ind1=" " ind2=" "><subfield code="i">Whakamārama: He mate ā hinengaro, ā tinana, ā wairua hoki.</subfield></datafield><datafield tag="680" ind1=" " ind2=" "><subfield code="i">Scope Note: Mental, physical and/or spiritual illness.</subfield></datafield></record>