<record><leader>00000nz  a2200000n  4500</leader><controlfield tag="001">2960</controlfield><controlfield tag="003">NzReo</controlfield><controlfield tag="008">100120 n anznnbab|          || ana      </controlfield><datafield tag="040" ind1=" " ind2=" "><subfield code="a">Nz</subfield><subfield code="c">Nz</subfield><subfield code="f">reo</subfield></datafield><datafield tag="150" ind1=" " ind2=" "><subfield code="a">Mate urutā</subfield></datafield><datafield tag="450" ind1=" " ind2=" "><subfield code="a">Diseases, Infectious</subfield></datafield><datafield tag="450" ind1=" " ind2=" "><subfield code="a">Distemper</subfield></datafield><datafield tag="450" ind1=" " ind2=" "><subfield code="a">Epidemics</subfield></datafield><datafield tag="450" ind1=" " ind2=" "><subfield code="a">Infectious diseases</subfield></datafield><datafield tag="450" ind1=" " ind2=" "><subfield code="a">Typhoid</subfield></datafield><datafield tag="450" ind1=" " ind2=" "><subfield code="a">Typhus fever</subfield></datafield><datafield tag="550" ind1=" " ind2=" "><subfield code="w">g</subfield><subfield code="a">Tahumaero</subfield></datafield><datafield tag="550" ind1=" " ind2=" "><subfield code="w">h</subfield><subfield code="a">Rewharewha</subfield></datafield><datafield tag="680" ind1=" " ind2=" "><subfield code="i">Scope Note: Infectious diseases such as influenza, distemper, typhoid and typhus fever. Use narrower terms if available.</subfield></datafield></record>