<record><leader>00000nz  a2200000n  4500</leader><controlfield tag="001">3979</controlfield><controlfield tag="003">NzReo</controlfield><controlfield tag="008">120901 n anznnbab|          || ana      </controlfield><datafield tag="040" ind1=" " ind2=" "><subfield code="a">Nz</subfield><subfield code="c">Nz</subfield><subfield code="f">reo</subfield></datafield><datafield tag="150" ind1=" " ind2=" "><subfield code="a">Mate whakamomori</subfield></datafield><datafield tag="450" ind1=" " ind2=" "><subfield code="a">Suicide</subfield></datafield><datafield tag="450" ind1=" " ind2=" "><subfield code="a">Mate taurekareka</subfield></datafield><datafield tag="550" ind1=" " ind2=" "><subfield code="w">g</subfield><subfield code="a">Mate rerekē</subfield></datafield></record>