<record><leader>00000nz  a2200000n  4500</leader><controlfield tag="001">3956</controlfield><controlfield tag="003">NzReo</controlfield><controlfield tag="008">120113 n anznnbab|          || ana      </controlfield><datafield tag="040" ind1=" " ind2=" "><subfield code="a">Nz</subfield><subfield code="c">Nz</subfield><subfield code="f">reo</subfield></datafield><datafield tag="150" ind1=" " ind2=" "><subfield code="a">Mate whēkau pukupuku</subfield></datafield><datafield tag="450" ind1=" " ind2=" "><subfield code="a">Bowel cancer</subfield></datafield><datafield tag="450" ind1=" " ind2=" "><subfield code="a">Cancer, Bowel</subfield></datafield><datafield tag="550" ind1=" " ind2=" "><subfield code="w">g</subfield><subfield code="a">Mate pukupuku</subfield></datafield></record>