<record><leader>00000nz  a2200000n  4500</leader><controlfield tag="001">156</controlfield><controlfield tag="003">NzReo</controlfield><controlfield tag="008">060601 n anznnbab|          || ana      </controlfield><datafield tag="040" ind1=" " ind2=" "><subfield code="a">Nz</subfield><subfield code="c">Nz</subfield><subfield code="f">reo</subfield></datafield><datafield tag="150" ind1=" " ind2=" "><subfield code="a">Matenga</subfield></datafield><datafield tag="450" ind1=" " ind2=" "><subfield code="a">Death rituals</subfield></datafield><datafield tag="550" ind1=" " ind2=" "><subfield code="a">Aituā</subfield></datafield><datafield tag="550" ind1=" " ind2=" "><subfield code="a">Hauora tinana</subfield></datafield><datafield tag="550" ind1=" " ind2=" "><subfield code="a">Hinenuitepō</subfield></datafield><datafield tag="550" ind1=" " ind2=" "><subfield code="a">Pānuitanga mate</subfield></datafield><datafield tag="550" ind1=" " ind2=" "><subfield code="a">Tāngata</subfield></datafield><datafield tag="550" ind1=" " ind2=" "><subfield code="a">Tangihanga</subfield></datafield><datafield tag="550" ind1=" " ind2=" "><subfield code="a">Tohunga</subfield></datafield><datafield tag="550" ind1=" " ind2=" "><subfield code="a">Utu</subfield></datafield><datafield tag="550" ind1=" " ind2=" "><subfield code="w">g</subfield><subfield code="a">Ao wairua</subfield></datafield><datafield tag="550" ind1=" " ind2=" "><subfield code="w">h</subfield><subfield code="a">Maimai aroha</subfield></datafield><datafield tag="550" ind1=" " ind2=" "><subfield code="w">h</subfield><subfield code="a">Waka tūpāpaku</subfield></datafield><datafield tag="680" ind1=" " ind2=" "><subfield code="i">Whakamārama: Ko ngā tikanga katoa e pā ana ki te mate o te tangata.</subfield></datafield><datafield tag="680" ind1=" " ind2=" "><subfield code="i">Scope Note: The rites, rituals and ceremonies relating to death.</subfield></datafield></record>