<record><leader>00000nz  a2200000n  4500</leader><controlfield tag="001">1828</controlfield><controlfield tag="003">NzReo</controlfield><controlfield tag="008">060524 n anznnbab|          || ana      </controlfield><datafield tag="040" ind1=" " ind2=" "><subfield code="a">Nz</subfield><subfield code="c">Nz</subfield><subfield code="f">reo</subfield></datafield><datafield tag="150" ind1=" " ind2=" "><subfield code="a">Mātihetihe</subfield></datafield><datafield tag="450" ind1=" " ind2=" "><subfield code="a">Hinerepe</subfield></datafield><datafield tag="450" ind1=" " ind2=" "><subfield code="a">Pouaka</subfield></datafield><datafield tag="450" ind1=" " ind2=" "><subfield code="a">Sand fescues</subfield></datafield><datafield tag="450" ind1=" " ind2=" "><subfield code="a">Sand tussocks</subfield></datafield><datafield tag="450" ind1=" " ind2=" "><subfield code="a">Tussocks, Sand</subfield></datafield><datafield tag="550" ind1=" " ind2=" "><subfield code="w">g</subfield><subfield code="a">Pātītī</subfield></datafield><datafield tag="680" ind1=" " ind2=" "><subfield code="i">Whakamārama: He momo pātītī, he whāiti ngā rau, kei ngā puke kirikiri ē tupu ana. Kāore he peka o ngā pūhui.</subfield></datafield><datafield tag="680" ind1=" " ind2=" "><subfield code="i">Scope Note: A medium-sized grass with narrow leaves and a simple spike. It lives on sandhills. Austrofestuca littoralis.</subfield></datafield></record>