<record><leader>00000nz  a2200000n  4500</leader><controlfield tag="001">1335</controlfield><controlfield tag="003">NzReo</controlfield><controlfield tag="008">060511 n anznnbab|          || ana      </controlfield><datafield tag="040" ind1=" " ind2=" "><subfield code="a">Nz</subfield><subfield code="c">Nz</subfield><subfield code="f">reo</subfield></datafield><datafield tag="150" ind1=" " ind2=" "><subfield code="a">Mātuhituhi</subfield></datafield><datafield tag="450" ind1=" " ind2=" "><subfield code="a">Bush wrens</subfield></datafield><datafield tag="450" ind1=" " ind2=" "><subfield code="a">Wrens, Bush</subfield></datafield><datafield tag="550" ind1=" " ind2=" "><subfield code="w">g</subfield><subfield code="a">Manu ngahere</subfield></datafield><datafield tag="680" ind1=" " ind2=" "><subfield code="i">Whakamārama: He manu itiiti o te ngahere, he rite ki te tītitipounamu. He hina te poho. Hanga noa ka kitea.</subfield></datafield><datafield tag="680" ind1=" " ind2=" "><subfield code="i">Scope Note: A small forest bird like a tītitipounamu/rifleman, with a grey breast. It is now rare. Xenicus longipes longipes.</subfield></datafield></record>