<record><leader>00000nz  a2200000n  4500</leader><controlfield tag="001">1489</controlfield><controlfield tag="003">NzReo</controlfield><controlfield tag="008">060511 n anznnbab|          || ana      </controlfield><datafield tag="040" ind1=" " ind2=" "><subfield code="a">Nz</subfield><subfield code="c">Nz</subfield><subfield code="f">reo</subfield></datafield><datafield tag="150" ind1=" " ind2=" "><subfield code="a">Matuku moana</subfield></datafield><datafield tag="450" ind1=" " ind2=" "><subfield code="a">Herons, White-faced</subfield></datafield><datafield tag="450" ind1=" " ind2=" "><subfield code="a">White-faced herons</subfield></datafield><datafield tag="550" ind1=" " ind2=" "><subfield code="w">g</subfield><subfield code="a">Manu ki tātahi</subfield></datafield><datafield tag="680" ind1=" " ind2=" "><subfield code="i">Whakamārama: He matuku mā tōna kanohi, he āhua hina ōrangi tōna tinana. He pango ōna ngutu, me tōna tipuaki engari he kōwhai ōna waewae.</subfield></datafield><datafield tag="680" ind1=" " ind2=" "><subfield code="i">Scope Note: A medium-sized heron with a white face and a blueish grey body. The bill is black and the legs are yellow. Ardea novaehollandiae.</subfield></datafield></record>