<record><leader>00000nz  a2200000n  4500</leader><controlfield tag="001">1492</controlfield><controlfield tag="003">NzReo</controlfield><controlfield tag="008">060511 n anznnbab|          || ana      </controlfield><datafield tag="040" ind1=" " ind2=" "><subfield code="a">Nz</subfield><subfield code="c">Nz</subfield><subfield code="f">reo</subfield></datafield><datafield tag="150" ind1=" " ind2=" "><subfield code="a">Matuku tai</subfield></datafield><datafield tag="450" ind1=" " ind2=" "><subfield code="a">Blue herons</subfield></datafield><datafield tag="450" ind1=" " ind2=" "><subfield code="a">Herons, Blue</subfield></datafield><datafield tag="550" ind1=" " ind2=" "><subfield code="w">g</subfield><subfield code="a">Manu ki tātahi</subfield></datafield><datafield tag="680" ind1=" " ind2=" "><subfield code="i">Whakamārama: He āhua hina ōrangi ngā huruhuru o tēnei manu o te ākau. He kōwhai ngā ngutu, he āhua kārikikaho ngā waewae. Noho koromeke ai ki te whakamomoka i tāna pārurenga.</subfield></datafield><datafield tag="680" ind1=" " ind2=" "><subfield code="i">Scope Note: A medium-sized heron with greyish blue plumage. The bill is yellow and the legs are yellowish green. It stalks its prey with a crouching gait. Egretta sacra.</subfield></datafield></record>