<record><leader>00000nz  a2200000n  4500</leader><controlfield tag="001">3116</controlfield><controlfield tag="003">NzReo</controlfield><controlfield tag="008">100720 n anznnbab|          || ana      </controlfield><datafield tag="040" ind1=" " ind2=" "><subfield code="a">Nz</subfield><subfield code="c">Nz</subfield><subfield code="f">reo</subfield></datafield><datafield tag="150" ind1=" " ind2=" "><subfield code="a">Mau pouwhenua</subfield></datafield><datafield tag="550" ind1=" " ind2=" "><subfield code="a">Mau taiaha</subfield></datafield><datafield tag="550" ind1=" " ind2=" "><subfield code="a">Pouwhenua</subfield></datafield><datafield tag="550" ind1=" " ind2=" "><subfield code="w">g</subfield><subfield code="a">Mau rākau</subfield></datafield><datafield tag="680" ind1=" " ind2=" "><subfield code="i">Scope Note: The art of using a long club similar to a taiaha but tapered to a sharp end.</subfield></datafield></record>