<record><leader>00000nz  a2200000n  4500</leader><controlfield tag="001">3115</controlfield><controlfield tag="003">NzReo</controlfield><controlfield tag="008">100720 n anznnbab|          || ana      </controlfield><datafield tag="040" ind1=" " ind2=" "><subfield code="a">Nz</subfield><subfield code="c">Nz</subfield><subfield code="f">reo</subfield></datafield><datafield tag="150" ind1=" " ind2=" "><subfield code="a">Mau tewhatawha</subfield></datafield><datafield tag="550" ind1=" " ind2=" "><subfield code="a">Tewhatewha</subfield></datafield><datafield tag="550" ind1=" " ind2=" "><subfield code="w">g</subfield><subfield code="a">Mau rākau</subfield></datafield><datafield tag="680" ind1=" " ind2=" "><subfield code="i">Scope Note: The art of using a long axe-shaped club.</subfield></datafield></record>