<record><leader>00000nz  a2200000n  4500</leader><controlfield tag="001">3525</controlfield><controlfield tag="003">NzReo</controlfield><controlfield tag="008">101223 n anznnbab|          || ana      </controlfield><datafield tag="040" ind1=" " ind2=" "><subfield code="a">Nz</subfield><subfield code="c">Nz</subfield><subfield code="f">reo</subfield></datafield><datafield tag="150" ind1=" " ind2=" "><subfield code="a">Mauhere</subfield></datafield><datafield tag="450" ind1=" " ind2=" "><subfield code="a">Mau herehere</subfield></datafield><datafield tag="450" ind1=" " ind2=" "><subfield code="a">Tangata e whakapaea ana</subfield></datafield><datafield tag="450" ind1=" " ind2=" "><subfield code="a">Prisoners</subfield></datafield><datafield tag="550" ind1=" " ind2=" "><subfield code="a">Hara</subfield></datafield><datafield tag="550" ind1=" " ind2=" "><subfield code="a">Mātauranga haratūtanga</subfield></datafield><datafield tag="550" ind1=" " ind2=" "><subfield code="a">Ture hara</subfield></datafield><datafield tag="550" ind1=" " ind2=" "><subfield code="w">g</subfield><subfield code="a">Whare herehere</subfield></datafield></record>