<record><leader>00000nz  a2200000n  4500</leader><controlfield tag="001">1080</controlfield><controlfield tag="003">NzReo</controlfield><controlfield tag="008">050831 n anznnbab|          || ana      </controlfield><datafield tag="040" ind1=" " ind2=" "><subfield code="a">Nz</subfield><subfield code="c">Nz</subfield><subfield code="f">reo</subfield></datafield><datafield tag="150" ind1=" " ind2=" "><subfield code="a">Mauri</subfield></datafield><datafield tag="550" ind1=" " ind2=" "><subfield code="a">Aronganui</subfield></datafield><datafield tag="550" ind1=" " ind2=" "><subfield code="a">Hauora wairua</subfield></datafield><datafield tag="550" ind1=" " ind2=" "><subfield code="w">g</subfield><subfield code="a">Tikanga tuku iho</subfield></datafield><datafield tag="680" ind1=" " ind2=" "><subfield code="i">Whakamārama: Ka mau te hono o te tinana, te wairua hoki i te mauri Māori.</subfield></datafield><datafield tag="680" ind1=" " ind2=" "><subfield code="i">Scope Note: Mauri is the essence or life-force of both animate and inanimate objects. It binds the two parts of body and spirit together. When a living thing dies, its mauri/life-force dies with it but the wairua/spirit lives on.</subfield></datafield></record>