<record><leader>00000nz  a2200000n  4500</leader><controlfield tag="001">3656</controlfield><controlfield tag="003">NzReo</controlfield><controlfield tag="008">110603 n anznnbab|          || ana      </controlfield><datafield tag="040" ind1=" " ind2=" "><subfield code="a">Nz</subfield><subfield code="c">Nz</subfield><subfield code="f">reo</subfield></datafield><datafield tag="150" ind1=" " ind2=" "><subfield code="a">Mautohe</subfield></datafield><datafield tag="450" ind1=" " ind2=" "><subfield code="a">Hīkoi</subfield></datafield><datafield tag="450" ind1=" " ind2=" "><subfield code="a">Porotēhe</subfield></datafield><datafield tag="450" ind1=" " ind2=" "><subfield code="a">Porotēhi</subfield></datafield><datafield tag="450" ind1=" " ind2=" "><subfield code="a">Tohe</subfield></datafield><datafield tag="450" ind1=" " ind2=" "><subfield code="a">Activism</subfield></datafield><datafield tag="450" ind1=" " ind2=" "><subfield code="a">Demonstrations</subfield></datafield><datafield tag="450" ind1=" " ind2=" "><subfield code="a">Occupations (Protests)</subfield></datafield><datafield tag="450" ind1=" " ind2=" "><subfield code="a">Protests</subfield></datafield><datafield tag="450" ind1=" " ind2=" "><subfield code="a">Resistance</subfield></datafield><datafield tag="550" ind1=" " ind2=" "><subfield code="a">Rōpū tōrangapū</subfield></datafield><datafield tag="550" ind1=" " ind2=" "><subfield code="a">Taukumekume</subfield></datafield><datafield tag="550" ind1=" " ind2=" "><subfield code="a">Tautohetohe</subfield></datafield><datafield tag="550" ind1=" " ind2=" "><subfield code="a">Tōrangapū</subfield></datafield><datafield tag="550" ind1=" " ind2=" "><subfield code="w">g</subfield><subfield code="a">Mana motuhake</subfield></datafield><datafield tag="680" ind1=" " ind2=" "><subfield code="i">Whakamārama: Ka whakahē i tētahi āhuatanga e whakaarotia ana kei te hē, ka tohe kia turakina, kia kaua rānei e whakatūria, e whakamanaia.</subfield></datafield><datafield tag="680" ind1=" " ind2=" "><subfield code="i">Scope Note: Declarations of objection made in public to express disagreement or disapproval about an issue.</subfield></datafield></record>