<record><leader>00000nz  a2200000n  4500</leader><controlfield tag="001">3484</controlfield><controlfield tag="003">NzReo</controlfield><controlfield tag="008">101221 n anznnbab|          || ana      </controlfield><datafield tag="040" ind1=" " ind2=" "><subfield code="a">Nz</subfield><subfield code="c">Nz</subfield><subfield code="f">reo</subfield></datafield><datafield tag="150" ind1=" " ind2=" "><subfield code="a">Mema Pāremata</subfield></datafield><datafield tag="450" ind1=" " ind2=" "><subfield code="a">Mema</subfield></datafield><datafield tag="450" ind1=" " ind2=" "><subfield code="a">Members of Parliament</subfield></datafield><datafield tag="450" ind1=" " ind2=" "><subfield code="a">MPs</subfield></datafield><datafield tag="550" ind1=" " ind2=" "><subfield code="a">Kaitōrangapū</subfield></datafield><datafield tag="550" ind1=" " ind2=" "><subfield code="a">Tiriti o Waitangi</subfield></datafield><datafield tag="550" ind1=" " ind2=" "><subfield code="w">g</subfield><subfield code="a">Pāremata</subfield></datafield><datafield tag="680" ind1=" " ind2=" "><subfield code="i">Whakamārama: Ko te hunga tōrangapū kua pōtitia ki roto o te Pāremata hei māngai mō te iwi.</subfield></datafield><datafield tag="680" ind1=" " ind2=" "><subfield code="i">Scope Note: Politicians holding seats in Parliament. See also: Kaitōrangapū (Politicians).</subfield></datafield></record>