<record><leader>00000nz  a2200000n  4500</leader><controlfield tag="001">2361</controlfield><controlfield tag="003">NzReo</controlfield><controlfield tag="008">060531 n anznnbab|          || ana      </controlfield><datafield tag="040" ind1=" " ind2=" "><subfield code="a">Nz</subfield><subfield code="c">Nz</subfield><subfield code="f">reo</subfield></datafield><datafield tag="150" ind1=" " ind2=" "><subfield code="a">Mere</subfield></datafield><datafield tag="450" ind1=" " ind2=" "><subfield code="a">Meremere (Rākau ā Tū)</subfield></datafield><datafield tag="450" ind1=" " ind2=" "><subfield code="a">Clubs, Greenstone</subfield></datafield><datafield tag="450" ind1=" " ind2=" "><subfield code="a">Clubs, Stone</subfield></datafield><datafield tag="450" ind1=" " ind2=" "><subfield code="a">Greenstone clubs</subfield></datafield><datafield tag="450" ind1=" " ind2=" "><subfield code="a">Stone clubs</subfield></datafield><datafield tag="550" ind1=" " ind2=" "><subfield code="a">Patu</subfield></datafield><datafield tag="550" ind1=" " ind2=" "><subfield code="w">g</subfield><subfield code="a">Rākau ā Tū</subfield></datafield><datafield tag="680" ind1=" " ind2=" "><subfield code="i">Whakamārama: He rākau nā Tū, he kōhatu, ahakoa he pounamu te nuinga.</subfield></datafield><datafield tag="680" ind1=" " ind2=" "><subfield code="i">Scope Note: A flat weapon of stone, often of greenstone.</subfield></datafield></record>