<record><leader>00000nz  a2200000n  4500</leader><controlfield tag="001">3330</controlfield><controlfield tag="003">NzReo</controlfield><controlfield tag="008">101221 n anznnbab|          || ana      </controlfield><datafield tag="040" ind1=" " ind2=" "><subfield code="a">Nz</subfield><subfield code="c">Nz</subfield><subfield code="f">reo</subfield></datafield><datafield tag="150" ind1=" " ind2=" "><subfield code="a">Mīhana</subfield></datafield><datafield tag="450" ind1=" " ind2=" "><subfield code="a">Mission stations</subfield></datafield><datafield tag="450" ind1=" " ind2=" "><subfield code="a">Missions</subfield></datafield><datafield tag="550" ind1=" " ind2=" "><subfield code="a">Whare karakia</subfield></datafield><datafield tag="550" ind1=" " ind2=" "><subfield code="w">g</subfield><subfield code="a">Hāhi Karaitiana</subfield></datafield><datafield tag="550" ind1=" " ind2=" "><subfield code="w">h</subfield><subfield code="a">Mihinare</subfield></datafield><datafield tag="680" ind1=" " ind2=" "><subfield code="i">Whakamārama: He momo wāhi mō te mahi a te Mihinare.</subfield></datafield><datafield tag="680" ind1=" " ind2=" "><subfield code="i">Scope Note: Religious missions or mission stations established for the purposes of missionary work.</subfield></datafield></record>