<record><leader>00000nz  a2200000n  4500</leader><controlfield tag="001">361</controlfield><controlfield tag="003">NzReo</controlfield><controlfield tag="008">050506 n anznnbab|          || ana      </controlfield><datafield tag="040" ind1=" " ind2=" "><subfield code="a">Nz</subfield><subfield code="c">Nz</subfield><subfield code="f">reo</subfield></datafield><datafield tag="150" ind1=" " ind2=" "><subfield code="a">Mihi</subfield></datafield><datafield tag="450" ind1=" " ind2=" "><subfield code="a">Acknowledgement</subfield></datafield><datafield tag="450" ind1=" " ind2=" "><subfield code="a">Greeting</subfield></datafield><datafield tag="550" ind1=" " ind2=" "><subfield code="w">g</subfield><subfield code="a">Whaikōrero</subfield></datafield><datafield tag="550" ind1=" " ind2=" "><subfield code="w">g</subfield><subfield code="a">Whakatau</subfield></datafield><datafield tag="550" ind1=" " ind2=" "><subfield code="w">h</subfield><subfield code="a">Mihi whakatau</subfield></datafield><datafield tag="680" ind1=" " ind2=" "><subfield code="i">Whakamārama: Kei te aumihia te tangata ki te tangata.</subfield></datafield><datafield tag="680" ind1=" " ind2=" "><subfield code="i">Scope Note: Salutation, pay homage, pay compliment, acknowledge.</subfield></datafield></record>