<record><leader>00000nz  a2200000n  4500</leader><controlfield tag="001">55</controlfield><controlfield tag="003">NzReo</controlfield><controlfield tag="008">060321 n anznnbab|          || ana      </controlfield><datafield tag="040" ind1=" " ind2=" "><subfield code="a">Nz</subfield><subfield code="c">Nz</subfield><subfield code="f">reo</subfield></datafield><datafield tag="150" ind1=" " ind2=" "><subfield code="a">Mihi whakatau</subfield></datafield><datafield tag="450" ind1=" " ind2=" "><subfield code="a">Welcome, Informal</subfield></datafield><datafield tag="550" ind1=" " ind2=" "><subfield code="w">g</subfield><subfield code="a">Mihi</subfield></datafield><datafield tag="680" ind1=" " ind2=" "><subfield code="i">Scope Note: Informal welcome. Reconnecting those who already know each other rather than a pōwhiri which is the meeting of strangers.</subfield></datafield></record>