<record><leader>00000nz  a2200000n  4500</leader><controlfield tag="001">3333</controlfield><controlfield tag="003">NzReo</controlfield><controlfield tag="008">101221 n anznnbab|          || ana      </controlfield><datafield tag="040" ind1=" " ind2=" "><subfield code="a">Nz</subfield><subfield code="c">Nz</subfield><subfield code="f">reo</subfield></datafield><datafield tag="150" ind1=" " ind2=" "><subfield code="a">Mihinare</subfield></datafield><datafield tag="450" ind1=" " ind2=" "><subfield code="a">Mihingare</subfield></datafield><datafield tag="450" ind1=" " ind2=" "><subfield code="a">Missionaries</subfield></datafield><datafield tag="550" ind1=" " ind2=" "><subfield code="w">g</subfield><subfield code="a">Mīhana</subfield></datafield><datafield tag="680" ind1=" " ind2=" "><subfield code="i">Whakamārama: He tangata ka tukuna ki whenua kē ki te kauhau i te whakapono, e tahuri ai ngā tāngata o reira ki taua whakapono.</subfield></datafield><datafield tag="680" ind1=" " ind2=" "><subfield code="i">Scope Note: Missionaries sent to other countries to carry out religious work for churches, to invite people to accept their faith.</subfield></datafield></record>