<record><leader>00000nz  a2200000n  4500</leader><controlfield tag="001">3992</controlfield><controlfield tag="003">NzReo</controlfield><controlfield tag="008">120501 n anznnbab|          || ana      </controlfield><datafield tag="040" ind1=" " ind2=" "><subfield code="a">Nz</subfield><subfield code="c">Nz</subfield><subfield code="f">reo</subfield></datafield><datafield tag="150" ind1=" " ind2=" "><subfield code="a">Mihini ātea</subfield></datafield><datafield tag="450" ind1=" " ind2=" "><subfield code="a">Computer game consoles</subfield></datafield><datafield tag="450" ind1=" " ind2=" "><subfield code="a">Consoles, Computer game</subfield></datafield><datafield tag="450" ind1=" " ind2=" "><subfield code="a">Consoles, Space invaders</subfield></datafield><datafield tag="450" ind1=" " ind2=" "><subfield code="a">Consoles, Video games</subfield></datafield><datafield tag="450" ind1=" " ind2=" "><subfield code="a">Space invaders consoles</subfield></datafield><datafield tag="450" ind1=" " ind2=" "><subfield code="a">Video game consoles</subfield></datafield><datafield tag="550" ind1=" " ind2=" "><subfield code="w">g</subfield><subfield code="a">Rorohiko tākaro</subfield></datafield><datafield tag="680" ind1=" " ind2=" "><subfield code="i">Whakamārama: E pūrei ana te tangata i ngā momo kēmu, momo tākaro rānei mā te mihini ātea.</subfield></datafield><datafield tag="680" ind1=" " ind2=" "><subfield code="i">Scope Note: Use for computer hardware only.</subfield></datafield></record>