<record><leader>00000nz  a2200000n  4500</leader><controlfield tag="001">799</controlfield><controlfield tag="003">NzReo</controlfield><controlfield tag="008">050825 n anznnbab|          || ana      </controlfield><datafield tag="040" ind1=" " ind2=" "><subfield code="a">Nz</subfield><subfield code="c">Nz</subfield><subfield code="f">reo</subfield></datafield><datafield tag="150" ind1=" " ind2=" "><subfield code="a">Miro</subfield></datafield><datafield tag="550" ind1=" " ind2=" "><subfield code="w">g</subfield><subfield code="a">Hua rākau</subfield></datafield><datafield tag="550" ind1=" " ind2=" "><subfield code="w">g</subfield><subfield code="a">Rākau whakakake</subfield></datafield><datafield tag="680" ind1=" " ind2=" "><subfield code="i">Whakamārama: He rākau roa, he porotaka te kāmata, he papakiri, he pāraharaha te takoto o ngā rau. He kura, he matahua ngā hua, he tino kai nā te kererū.</subfield></datafield><datafield tag="680" ind1=" " ind2=" "><subfield code="i">Scope Note: A tall tree with a rounded top. The bark is scaly and the leaves are spread in a plane. The fruit is egg shaped and red and the kererū/wood pigeon likes to eat it. Prumnopitys ferruginea.</subfield></datafield></record>