<record><leader>00000nz  a2200000n  4500</leader><controlfield tag="001">1338</controlfield><controlfield tag="003">NzReo</controlfield><controlfield tag="008">060511 n anznnbab|          || ana      </controlfield><datafield tag="040" ind1=" " ind2=" "><subfield code="a">Nz</subfield><subfield code="c">Nz</subfield><subfield code="f">reo</subfield></datafield><datafield tag="150" ind1=" " ind2=" "><subfield code="a">Miromiro</subfield></datafield><datafield tag="450" ind1=" " ind2=" "><subfield code="a">North Island tomtits</subfield></datafield><datafield tag="450" ind1=" " ind2=" "><subfield code="a">Tomtits, North Island</subfield></datafield><datafield tag="550" ind1=" " ind2=" "><subfield code="w">g</subfield><subfield code="a">Manu ngahere</subfield></datafield><datafield tag="680" ind1=" " ind2=" "><subfield code="i">Whakamārama: He manu itiiti nō te ngahere, he pango te māhunga me te tuarā. Tāpua kau ana te āpure mā kei te rae. He mā anō te poho.</subfield></datafield><datafield tag="680" ind1=" " ind2=" "><subfield code="i">Scope Note: A small forest bird with a black head with a prominent white patch on the forehead. The back is black and the breast white. Petroica macrocephala toitoi.</subfield></datafield></record>