<record><leader>00000nz  a2200000n  4500</leader><controlfield tag="001">1388</controlfield><controlfield tag="003">NzReo</controlfield><controlfield tag="008">060511 n anznnbab|          || ana      </controlfield><datafield tag="040" ind1=" " ind2=" "><subfield code="a">Nz</subfield><subfield code="c">Nz</subfield><subfield code="f">reo</subfield></datafield><datafield tag="150" ind1=" " ind2=" "><subfield code="a">Moa</subfield></datafield><datafield tag="550" ind1=" " ind2=" "><subfield code="w">g</subfield><subfield code="a">Manu ngaro</subfield></datafield><datafield tag="680" ind1=" " ind2=" "><subfield code="i">Whakamārama: He manu nunui, rite ki te emu, kua ngaro noa atu i te whenua.</subfield></datafield><datafield tag="680" ind1=" " ind2=" "><subfield code="i">Scope Note: A general term for extinct giant ratite birds resembling the emu.</subfield></datafield></record>