<record><leader>00000nz  a2200000n  4500</leader><controlfield tag="001">1106</controlfield><controlfield tag="003">NzReo</controlfield><controlfield tag="008">050831 n anznnbab|          || ana      </controlfield><datafield tag="040" ind1=" " ind2=" "><subfield code="a">Nz</subfield><subfield code="c">Nz</subfield><subfield code="f">reo</subfield></datafield><datafield tag="150" ind1=" " ind2=" "><subfield code="a">Moana</subfield></datafield><datafield tag="450" ind1=" " ind2=" "><subfield code="a">Freshwater plants</subfield></datafield><datafield tag="450" ind1=" " ind2=" "><subfield code="a">Marine plants</subfield></datafield><datafield tag="450" ind1=" " ind2=" "><subfield code="a">Plants, Freshwater</subfield></datafield><datafield tag="450" ind1=" " ind2=" "><subfield code="a">Plants, Marine</subfield></datafield><datafield tag="450" ind1=" " ind2=" "><subfield code="a">Sea</subfield></datafield><datafield tag="550" ind1=" " ind2=" "><subfield code="a">Ika</subfield></datafield><datafield tag="550" ind1=" " ind2=" "><subfield code="a">Ponaturi</subfield></datafield><datafield tag="550" ind1=" " ind2=" "><subfield code="a">Rāhui</subfield></datafield><datafield tag="550" ind1=" " ind2=" "><subfield code="a">Tangaroa</subfield></datafield><datafield tag="550" ind1=" " ind2=" "><subfield code="a">Taunahanahatanga</subfield></datafield><datafield tag="550" ind1=" " ind2=" "><subfield code="a">Te Wao nui a Tāne</subfield></datafield><datafield tag="550" ind1=" " ind2=" "><subfield code="a">Wai tai</subfield></datafield><datafield tag="550" ind1=" " ind2=" "><subfield code="w">g</subfield><subfield code="a">Pūtaiao</subfield></datafield><datafield tag="550" ind1=" " ind2=" "><subfield code="w">h</subfield><subfield code="a">Mahinga kai o te wai</subfield></datafield><datafield tag="550" ind1=" " ind2=" "><subfield code="w">h</subfield><subfield code="a">Otaota waimāori</subfield></datafield><datafield tag="550" ind1=" " ind2=" "><subfield code="w">h</subfield><subfield code="a">Rimutai</subfield></datafield><datafield tag="550" ind1=" " ind2=" "><subfield code="w">h</subfield><subfield code="a">Taha moana</subfield></datafield><datafield tag="550" ind1=" " ind2=" "><subfield code="w">h</subfield><subfield code="a">Takutai moana</subfield></datafield><datafield tag="550" ind1=" " ind2=" "><subfield code="w">h</subfield><subfield code="a">Wahapū</subfield></datafield><datafield tag="680" ind1=" " ind2=" "><subfield code="i">Whakamārama: Te waitai te wāhi o kiwa, te wai Māori no ngā awa me ngā roto.</subfield></datafield><datafield tag="680" ind1=" " ind2=" "><subfield code="i">Scope Note: Any body of water, for example, sea or lake. Also, the plants that grow in the water.</subfield></datafield></record>