<record><leader>00000nz  a2200000n  4500</leader><controlfield tag="001">4432</controlfield><controlfield tag="003">NzReo</controlfield><controlfield tag="008">150108 n anznnbab|          || ana      </controlfield><datafield tag="040" ind1=" " ind2=" "><subfield code="a">Nz</subfield><subfield code="c">Nz</subfield><subfield code="f">reo</subfield></datafield><datafield tag="150" ind1=" " ind2=" "><subfield code="a">Moari</subfield></datafield><datafield tag="450" ind1=" " ind2=" "><subfield code="a">Swings, Traditional</subfield></datafield><datafield tag="450" ind1=" " ind2=" "><subfield code="a">Traditional swings</subfield></datafield><datafield tag="550" ind1=" " ind2=" "><subfield code="w">g</subfield><subfield code="a">Mahi ā Rēhia</subfield></datafield><datafield tag="680" ind1=" " ind2=" "><subfield code="i">Whakamārama: He taonga tākaro i herea ai ētahi taura ki tētahi takaore kei runga i tētahi pou.</subfield></datafield><datafield tag="680" ind1=" " ind2=" "><subfield code="i">Scope Note: A type of swing using poles and ropes.</subfield></datafield></record>