<record><leader>00000nz  a2200000n  4500</leader><controlfield tag="001">3817</controlfield><controlfield tag="003">NzReo</controlfield><controlfield tag="008">111215 n anznnbab|          || ana      </controlfield><datafield tag="040" ind1=" " ind2=" "><subfield code="a">Nz</subfield><subfield code="c">Nz</subfield><subfield code="f">reo</subfield></datafield><datafield tag="150" ind1=" " ind2=" "><subfield code="a">Moe</subfield></datafield><datafield tag="450" ind1=" " ind2=" "><subfield code="a">Sleep</subfield></datafield><datafield tag="550" ind1=" " ind2=" "><subfield code="a">Hauora wairua</subfield></datafield><datafield tag="550" ind1=" " ind2=" "><subfield code="w">g</subfield><subfield code="a">Hauora hinengaro</subfield></datafield><datafield tag="550" ind1=" " ind2=" "><subfield code="w">g</subfield><subfield code="a">Hauora tinana</subfield></datafield><datafield tag="550" ind1=" " ind2=" "><subfield code="w">h</subfield><subfield code="a">Moemoeā</subfield></datafield><datafield tag="680" ind1=" " ind2=" "><subfield code="i">Whakamārama: Ki te moe koe, ka takoto koe, ā, ka kati i ngā whatu, ka whakatā ai tō tinana me tō hinengaro.</subfield></datafield><datafield tag="680" ind1=" " ind2=" "><subfield code="i">Scope Note: Use for works about sleep.</subfield></datafield></record>