<record><leader>00000nz  a2200000n  4500</leader><controlfield tag="001">2626</controlfield><controlfield tag="003">NzReo</controlfield><controlfield tag="008">060607 n anznnbab|          || ana      </controlfield><datafield tag="040" ind1=" " ind2=" "><subfield code="a">Nz</subfield><subfield code="c">Nz</subfield><subfield code="f">reo</subfield></datafield><datafield tag="150" ind1=" " ind2=" "><subfield code="a">Moeanu</subfield></datafield><datafield tag="450" ind1=" " ind2=" "><subfield code="a">Needlefishes</subfield></datafield><datafield tag="550" ind1=" " ind2=" "><subfield code="w">g</subfield><subfield code="a">Ika moana</subfield></datafield><datafield tag="680" ind1=" " ind2=" "><subfield code="i">Whakamārama: He roa, he whāiti tēnei ika. He rite ki te ihe engari he koroaroa, he koikoi ngā ngutu.</subfield></datafield><datafield tag="680" ind1=" " ind2=" "><subfield code="i">Scope Note: A slender fish like an ihe/garfish but with both the upper and lower jaw extended to make a sharp beak. Scomberesox saurus.</subfield></datafield></record>