<record><leader>00000nz  a2200000n  4500</leader><controlfield tag="001">3819</controlfield><controlfield tag="003">NzReo</controlfield><controlfield tag="008">111215 n anznnbab|          || ana      </controlfield><datafield tag="040" ind1=" " ind2=" "><subfield code="a">Nz</subfield><subfield code="c">Nz</subfield><subfield code="f">reo</subfield></datafield><datafield tag="150" ind1=" " ind2=" "><subfield code="a">Moemoeā</subfield></datafield><datafield tag="450" ind1=" " ind2=" "><subfield code="a">Dreams</subfield></datafield><datafield tag="550" ind1=" " ind2=" "><subfield code="a">Matakite</subfield></datafield><datafield tag="550" ind1=" " ind2=" "><subfield code="w">g</subfield><subfield code="a">Moe</subfield></datafield><datafield tag="680" ind1=" " ind2=" "><subfield code="i">Whakamārama: He whakaaro, he āhua, he ariā ka whakaaturia ki te hinengaro i te wā e moe ana.</subfield></datafield><datafield tag="680" ind1=" " ind2=" "><subfield code="i">Scope Note: Dreams. See also Matakite (Second sight).</subfield></datafield></record>