<record><leader>00000nz  a2200000n  4500</leader><controlfield tag="001">2848</controlfield><controlfield tag="003">NzReo</controlfield><controlfield tag="008">071213 n anznnbab|          || ana      </controlfield><datafield tag="040" ind1=" " ind2=" "><subfield code="a">Nz</subfield><subfield code="c">Nz</subfield><subfield code="f">reo</subfield></datafield><datafield tag="150" ind1=" " ind2=" "><subfield code="a">Moheni</subfield></datafield><datafield tag="450" ind1=" " ind2=" "><subfield code="a">Hautaka</subfield></datafield><datafield tag="450" ind1=" " ind2=" "><subfield code="a">Maheni</subfield></datafield><datafield tag="450" ind1=" " ind2=" "><subfield code="a">Makahini</subfield></datafield><datafield tag="450" ind1=" " ind2=" "><subfield code="a">Journals</subfield></datafield><datafield tag="450" ind1=" " ind2=" "><subfield code="a">Magazines</subfield></datafield><datafield tag="450" ind1=" " ind2=" "><subfield code="a">Periodicals</subfield></datafield><datafield tag="450" ind1=" " ind2=" "><subfield code="a">Serials</subfield></datafield><datafield tag="550" ind1=" " ind2=" "><subfield code="a">Kawe kōrero</subfield></datafield><datafield tag="550" ind1=" " ind2=" "><subfield code="a">Nūpepa</subfield></datafield><datafield tag="550" ind1=" " ind2=" "><subfield code="a">Pūrongorongo</subfield></datafield><datafield tag="550" ind1=" " ind2=" "><subfield code="w">g</subfield><subfield code="a">Pāpāho</subfield></datafield><datafield tag="550" ind1=" " ind2=" "><subfield code="w">g</subfield><subfield code="a">Tuhinga kōrero</subfield></datafield><datafield tag="680" ind1=" " ind2=" "><subfield code="i">Whakamārama: Ko ngā pūrongo kōrero katoa, tae ana ki ngā pukapuka me ngā hautaka e pā ana ki te ao Māori.</subfield></datafield><datafield tag="680" ind1=" " ind2=" "><subfield code="i">Scope Note: Can be used for all types of periodicals, including magazines and journals, or for works about all types of periodicals.</subfield></datafield></record>