<record><leader>00000nz  a2200000n  4500</leader><controlfield tag="001">2628</controlfield><controlfield tag="003">NzReo</controlfield><controlfield tag="008">060607 n anznnbab|          || ana      </controlfield><datafield tag="040" ind1=" " ind2=" "><subfield code="a">Nz</subfield><subfield code="c">Nz</subfield><subfield code="f">reo</subfield></datafield><datafield tag="150" ind1=" " ind2=" "><subfield code="a">Mohimohi</subfield></datafield><datafield tag="450" ind1=" " ind2=" "><subfield code="a">Pilchards</subfield></datafield><datafield tag="550" ind1=" " ind2=" "><subfield code="w">g</subfield><subfield code="a">Ika moana</subfield></datafield><datafield tag="680" ind1=" " ind2=" "><subfield code="i">Whakamārama: He ika itiiti, he rite ki te kupae. He ōrangi te tuarā, he kāriki ngā taha, he kākonu te puku. He mangu ngā kōiraira kei te tuara.</subfield></datafield><datafield tag="680" ind1=" " ind2=" "><subfield code="i">Scope Note: A small fish like the kupae/sprat, with a blue back, green sides and silver belly. There are black spots along the back. Sardinops neopilchardus.</subfield></datafield></record>