<record><leader>00000nz  a2200000n  4500</leader><controlfield tag="001">2807</controlfield><controlfield tag="003">NzReo</controlfield><controlfield tag="008">071212 n anznnbab|          || ana      </controlfield><datafield tag="040" ind1=" " ind2=" "><subfield code="a">Nz</subfield><subfield code="c">Nz</subfield><subfield code="f">reo</subfield></datafield><datafield tag="150" ind1=" " ind2=" "><subfield code="a">Mōhio ki te kōrero pukapuka</subfield></datafield><datafield tag="450" ind1=" " ind2=" "><subfield code="a">Literacy</subfield></datafield><datafield tag="550" ind1=" " ind2=" "><subfield code="a">Mōhio ki te tatau</subfield></datafield><datafield tag="550" ind1=" " ind2=" "><subfield code="w">g</subfield><subfield code="a">Kōrero pukapuka</subfield></datafield><datafield tag="680" ind1=" " ind2=" "><subfield code="i">Whakamārama: Te mōhiotanga o ngā tuhituhinga.</subfield></datafield><datafield tag="680" ind1=" " ind2=" "><subfield code="i">Scope Note: The understanding of words. The ability to read and write.</subfield></datafield></record>