<record><leader>00000nz  a2200000n  4500</leader><controlfield tag="001">1341</controlfield><controlfield tag="003">NzReo</controlfield><controlfield tag="008">060511 n anznnbab|          || ana      </controlfield><datafield tag="040" ind1=" " ind2=" "><subfield code="a">Nz</subfield><subfield code="c">Nz</subfield><subfield code="f">reo</subfield></datafield><datafield tag="150" ind1=" " ind2=" "><subfield code="a">Mohua</subfield></datafield><datafield tag="450" ind1=" " ind2=" "><subfield code="a">Bush canaries</subfield></datafield><datafield tag="450" ind1=" " ind2=" "><subfield code="a">Canaries, Bush</subfield></datafield><datafield tag="450" ind1=" " ind2=" "><subfield code="a">Yellowheads</subfield></datafield><datafield tag="550" ind1=" " ind2=" "><subfield code="w">g</subfield><subfield code="a">Manu ngahere</subfield></datafield><datafield tag="680" ind1=" " ind2=" "><subfield code="i">Whakamārama: He manu itiiti nō te ngahere, he rite ki te pōpokotea. He kōwhai kita te māhunga me te poho.</subfield></datafield><datafield tag="680" ind1=" " ind2=" "><subfield code="i">Scope Note: A small bird of the forest with a bright yellow head and breast, otherwise resembling the pōpokotea/whitehead. Mohoua ochrocephala.</subfield></datafield></record>