<record><leader>00000nz  a2200000n  4500</leader><controlfield tag="001">4614</controlfield><controlfield tag="003">NzReo</controlfield><controlfield tag="008">150909 n anznnbab|          || ana      </controlfield><datafield tag="040" ind1=" " ind2=" "><subfield code="a">Nz</subfield><subfield code="c">Nz</subfield><subfield code="f">reo</subfield></datafield><datafield tag="150" ind1=" " ind2=" "><subfield code="a">Mōkai (Tikanga)</subfield></datafield><datafield tag="450" ind1=" " ind2=" "><subfield code="a">Servants</subfield></datafield><datafield tag="450" ind1=" " ind2=" "><subfield code="a">Slaves through custom</subfield></datafield><datafield tag="550" ind1=" " ind2=" "><subfield code="a">Taurekareka</subfield></datafield><datafield tag="550" ind1=" " ind2=" "><subfield code="w">g</subfield><subfield code="a">Tāngata</subfield></datafield><datafield tag="550" ind1=" " ind2=" "><subfield code="w">g</subfield><subfield code="a">Tikanga</subfield></datafield></record>