<record><leader>00000nz  a2200000n  4500</leader><controlfield tag="001">1092</controlfield><controlfield tag="003">NzReo</controlfield><controlfield tag="008">050831 n anznnbab|          || ana      </controlfield><datafield tag="040" ind1=" " ind2=" "><subfield code="a">Nz</subfield><subfield code="c">Nz</subfield><subfield code="f">reo</subfield></datafield><datafield tag="150" ind1=" " ind2=" "><subfield code="a">Mōkai (Whanaungatanga)</subfield></datafield><datafield tag="450" ind1=" " ind2=" "><subfield code="a">Children, Favoured</subfield></datafield><datafield tag="450" ind1=" " ind2=" "><subfield code="a">Favoured children</subfield></datafield><datafield tag="550" ind1=" " ind2=" "><subfield code="w">g</subfield><subfield code="a">Whanaungatanga</subfield></datafield><datafield tag="680" ind1=" " ind2=" "><subfield code="i">Whakamārama: E kiia nei, "ko te tau o taku ate". Ko te aroha a tētahi. Ko tētahi engari ēhara ko rāna e piritahi ana.</subfield></datafield><datafield tag="680" ind1=" " ind2=" "><subfield code="i">Scope Note: A cherished or favoured child.</subfield></datafield></record>