<record><leader>00000nz  a2200000n  4500</leader><controlfield tag="001">371</controlfield><controlfield tag="003">NzReo</controlfield><controlfield tag="008">050506 n anznnbab|          || ana      </controlfield><datafield tag="040" ind1=" " ind2=" "><subfield code="a">Nz</subfield><subfield code="c">Nz</subfield><subfield code="f">reo</subfield></datafield><datafield tag="150" ind1=" " ind2=" "><subfield code="a">Mōkihi</subfield></datafield><datafield tag="450" ind1=" " ind2=" "><subfield code="a">Rafts</subfield></datafield><datafield tag="550" ind1=" " ind2=" "><subfield code="a">Raupō</subfield></datafield><datafield tag="550" ind1=" " ind2=" "><subfield code="w">g</subfield><subfield code="a">Waka</subfield></datafield><datafield tag="680" ind1=" " ind2=" "><subfield code="i">Whakamārama: He kaupapa i hangā ki te raupō, ka whakatere i te wai, hei waka, hei kawe taputapu.</subfield></datafield><datafield tag="680" ind1=" " ind2=" "><subfield code="i">Scope Note: A raft made of raupō/bulrushes, used at the Chatham islands.</subfield></datafield></record>