<record><leader>00000nz  a2200000n  4500</leader><controlfield tag="001">1599</controlfield><controlfield tag="003">NzReo</controlfield><controlfield tag="008">060524 n anznnbab|          || ana      </controlfield><datafield tag="040" ind1=" " ind2=" "><subfield code="a">Nz</subfield><subfield code="c">Nz</subfield><subfield code="f">reo</subfield></datafield><datafield tag="150" ind1=" " ind2=" "><subfield code="a">Mokimoki</subfield></datafield><datafield tag="450" ind1=" " ind2=" "><subfield code="a">Ferns, Fragrant</subfield></datafield><datafield tag="450" ind1=" " ind2=" "><subfield code="a">Fragrant ferns</subfield></datafield><datafield tag="550" ind1=" " ind2=" "><subfield code="w">g</subfield><subfield code="a">Huruhuru whenua</subfield></datafield><datafield tag="680" ind1=" " ind2=" "><subfield code="i">Whakamārama: He huruhuru whenua rite ki te kōwaowao engari he whāiti iho ngā rauhuru, he kārikiuri, he kakara.</subfield></datafield><datafield tag="680" ind1=" " ind2=" "><subfield code="i">Scope Note: A fern resembling kōwaowao/a creeping fern, but with narrower, darker, scented fronds. Phymatosorus scandens.</subfield></datafield></record>