<record><leader>00000nz  a2200000n  4500</leader><controlfield tag="001">2160</controlfield><controlfield tag="003">NzReo</controlfield><controlfield tag="008">060530 n anznnbab|          || ana      </controlfield><datafield tag="040" ind1=" " ind2=" "><subfield code="a">Nz</subfield><subfield code="c">Nz</subfield><subfield code="f">reo</subfield></datafield><datafield tag="150" ind1=" " ind2=" "><subfield code="a">Mokomoko</subfield></datafield><datafield tag="450" ind1=" " ind2=" "><subfield code="a">Geckos</subfield></datafield><datafield tag="450" ind1=" " ind2=" "><subfield code="a">Lizards</subfield></datafield><datafield tag="450" ind1=" " ind2=" "><subfield code="a">Skinks</subfield></datafield><datafield tag="550" ind1=" " ind2=" "><subfield code="w">g</subfield><subfield code="a">Ngārara</subfield></datafield><datafield tag="680" ind1=" " ind2=" "><subfield code="i">Whakamārama: Ko ngā ngārara ririki rite ki te tuatara te hanga, engari he unahi katoa te kiri.</subfield></datafield><datafield tag="680" ind1=" " ind2=" "><subfield code="i">Scope Note: A general term for skinks.</subfield></datafield></record>