<record><leader>00000nz  a2200000n  4500</leader><controlfield tag="001">2911</controlfield><controlfield tag="003">NzReo</controlfield><controlfield tag="008">091106 n anznnbab|          || ana      </controlfield><datafield tag="040" ind1=" " ind2=" "><subfield code="a">Nz</subfield><subfield code="c">Nz</subfield><subfield code="f">reo</subfield></datafield><datafield tag="150" ind1=" " ind2=" "><subfield code="a">Mokopuna</subfield></datafield><datafield tag="450" ind1=" " ind2=" "><subfield code="a">Grandchild</subfield></datafield><datafield tag="550" ind1=" " ind2=" "><subfield code="w">g</subfield><subfield code="a">Whānau</subfield></datafield><datafield tag="680" ind1=" " ind2=" "><subfield code="i">Whakamārama: Te tamaiti a te tama, a te tamāhine, a te irāmutu rānei a tētahi tangata, tētahi ahu tamaiti rānei o te whānau kei taua reanga, kei tētahi reanga rānei o raro iho.</subfield></datafield></record>