<record><leader>00000nz  a2200000n  4500</leader><controlfield tag="001">1637</controlfield><controlfield tag="003">NzReo</controlfield><controlfield tag="008">060524 n anznnbab|          || ana      </controlfield><datafield tag="040" ind1=" " ind2=" "><subfield code="a">Nz</subfield><subfield code="c">Nz</subfield><subfield code="f">reo</subfield></datafield><datafield tag="150" ind1=" " ind2=" "><subfield code="a">Monoao</subfield></datafield><datafield tag="450" ind1=" " ind2=" "><subfield code="a">Turpentine bushes</subfield></datafield><datafield tag="550" ind1=" " ind2=" "><subfield code="w">g</subfield><subfield code="a">Mauwha</subfield></datafield><datafield tag="680" ind1=" " ind2=" "><subfield code="i">Whakamārama: He mauwha ririki kei ngā whenua rei teitei e tupu ana. He whāiti, he ura ngā rau. Kia whatiia ngā peka ka puta te haunga.</subfield></datafield><datafield tag="680" ind1=" " ind2=" "><subfield code="i">Scope Note: A small shrub of high country peatlands with narrow reddish leaves and a smell of turpentine when the branches are broken. This name is also used for Kirks pine (Halocarpus kirkii). Dracophyllum subulatum.</subfield></datafield></record>