<record><leader>00000nz  a2200000n  4500</leader><controlfield tag="001">727</controlfield><controlfield tag="003">NzReo</controlfield><controlfield tag="008">050825 n anznnbab|          || ana      </controlfield><datafield tag="040" ind1=" " ind2=" "><subfield code="a">Nz</subfield><subfield code="c">Nz</subfield><subfield code="f">reo</subfield></datafield><datafield tag="150" ind1=" " ind2=" "><subfield code="a">Mōteatea</subfield></datafield><datafield tag="450" ind1=" " ind2=" "><subfield code="a">Laments (Traditional)</subfield></datafield><datafield tag="450" ind1=" " ind2=" "><subfield code="a">Traditional laments</subfield></datafield><datafield tag="550" ind1=" " ind2=" "><subfield code="a">Tangihanga</subfield></datafield><datafield tag="550" ind1=" " ind2=" "><subfield code="w">g</subfield><subfield code="a">Mahi ā Rēhia</subfield></datafield><datafield tag="550" ind1=" " ind2=" "><subfield code="w">g</subfield><subfield code="a">Reo Māori</subfield></datafield><datafield tag="550" ind1=" " ind2=" "><subfield code="w">g</subfield><subfield code="a">Waiata koroua</subfield></datafield><datafield tag="550" ind1=" " ind2=" "><subfield code="w">h</subfield><subfield code="a">Apakura</subfield></datafield><datafield tag="550" ind1=" " ind2=" "><subfield code="w">h</subfield><subfield code="a">Waiata aroha</subfield></datafield><datafield tag="550" ind1=" " ind2=" "><subfield code="w">h</subfield><subfield code="a">Waiata tangi</subfield></datafield><datafield tag="680" ind1=" " ind2=" "><subfield code="i">Whakamārama: He momo waiata tangi ka rongo i te pōuri nui i te rironga o tētahi mea, pērā i te matenga o te tangata e aroha nuitia ana.</subfield></datafield><datafield tag="680" ind1=" " ind2=" "><subfield code="i">Scope Note: Traditional laments, mostly songs of farewell, to express the emotions felt at the loss of a beloved person or object.</subfield></datafield></record>