<record><leader>00000nz  a2200000n  4500</leader><controlfield tag="001">1600</controlfield><controlfield tag="003">NzReo</controlfield><controlfield tag="008">060524 n anznnbab|          || ana      </controlfield><datafield tag="040" ind1=" " ind2=" "><subfield code="a">Nz</subfield><subfield code="c">Nz</subfield><subfield code="f">reo</subfield></datafield><datafield tag="150" ind1=" " ind2=" "><subfield code="a">Mouku</subfield></datafield><datafield tag="450" ind1=" " ind2=" "><subfield code="a">Mauku</subfield></datafield><datafield tag="450" ind1=" " ind2=" "><subfield code="a">Mouki</subfield></datafield><datafield tag="450" ind1=" " ind2=" "><subfield code="a">Ferns, Hen and chicken</subfield></datafield><datafield tag="450" ind1=" " ind2=" "><subfield code="a">Hen and chicken ferns</subfield></datafield><datafield tag="550" ind1=" " ind2=" "><subfield code="a">Pikopiko (Kai)</subfield></datafield><datafield tag="550" ind1=" " ind2=" "><subfield code="w">g</subfield><subfield code="a">Huruhuru whenua</subfield></datafield><datafield tag="680" ind1=" " ind2=" "><subfield code="i">Whakamārama: He huruhuru whenua wekuweku, mōhinuhinu. Puta tonu ake ngā manehau i ngā rauhuru.</subfield></datafield><datafield tag="680" ind1=" " ind2=" "><subfield code="i">Scope Note: A tufted shining fern with small plants growing directly on the fronds. Asplenium bulbiferum.</subfield></datafield></record>