<record><leader>00000nz  a2200000n  4500</leader><controlfield tag="001">3233</controlfield><controlfield tag="003">NzReo</controlfield><controlfield tag="008">101019 n anznnbab|          || ana      </controlfield><datafield tag="040" ind1=" " ind2=" "><subfield code="a">Nz</subfield><subfield code="c">Nz</subfield><subfield code="f">reo</subfield></datafield><datafield tag="150" ind1=" " ind2=" "><subfield code="a">Muru</subfield></datafield><datafield tag="450" ind1=" " ind2=" "><subfield code="a">Compensation, Traditional</subfield></datafield><datafield tag="450" ind1=" " ind2=" "><subfield code="a">Plunder, Traditional</subfield></datafield><datafield tag="450" ind1=" " ind2=" "><subfield code="a">Restorative justice, Traditional</subfield></datafield><datafield tag="450" ind1=" " ind2=" "><subfield code="a">Traditional compensation</subfield></datafield><datafield tag="450" ind1=" " ind2=" "><subfield code="a">Traditional plunder</subfield></datafield><datafield tag="450" ind1=" " ind2=" "><subfield code="a">Traditional restorative justice</subfield></datafield><datafield tag="550" ind1=" " ind2=" "><subfield code="a">Hara</subfield></datafield><datafield tag="550" ind1=" " ind2=" "><subfield code="a">Raupatu</subfield></datafield><datafield tag="550" ind1=" " ind2=" "><subfield code="a">Utu</subfield></datafield><datafield tag="550" ind1=" " ind2=" "><subfield code="a">Whakatau mauri</subfield></datafield><datafield tag="550" ind1=" " ind2=" "><subfield code="a">Whakatau take</subfield></datafield><datafield tag="550" ind1=" " ind2=" "><subfield code="w">g</subfield><subfield code="a">Tikanga tuku iho</subfield></datafield><datafield tag="550" ind1=" " ind2=" "><subfield code="w">h</subfield><subfield code="a">Muru whenua</subfield></datafield><datafield tag="550" ind1=" " ind2=" "><subfield code="w">h</subfield><subfield code="a">Pārurenga</subfield></datafield><datafield tag="550" ind1=" " ind2=" "><subfield code="w">h</subfield><subfield code="a">Taua muru</subfield></datafield><datafield tag="680" ind1=" " ind2=" "><subfield code="i">Whakamārama: Ka murua, ka pārurehia, ka eanga hoki e tētahi mō te hara a tētahi atu. He tikanga tūturu tēnei o mua hei whakahaere, hei whakarite hoki i te hapori kia ea ai ngā hara, ā, ka tohaina anō ngā rawa me ngā taonga ki te whānau.</subfield></datafield><datafield tag="680" ind1=" " ind2=" "><subfield code="i">Scope Note: To plunder, confiscate, take ritual compensation - an effective form of social control, restorative justice and redistribution of wealth among relatives used in former times.</subfield></datafield></record>