<record><leader>00000nz  a2200000n  4500</leader><controlfield tag="001">453</controlfield><controlfield tag="003">NzReo</controlfield><controlfield tag="008">050624 n anznnbab|          || ana      </controlfield><datafield tag="040" ind1=" " ind2=" "><subfield code="a">Nz</subfield><subfield code="c">Nz</subfield><subfield code="f">reo</subfield></datafield><datafield tag="150" ind1=" " ind2=" "><subfield code="a">Muru whenua</subfield></datafield><datafield tag="450" ind1=" " ind2=" "><subfield code="a">Confiscation, Land</subfield></datafield><datafield tag="450" ind1=" " ind2=" "><subfield code="a">Land confiscation</subfield></datafield><datafield tag="550" ind1=" " ind2=" "><subfield code="a">Kerēme (Tiriti o Waitangi)</subfield></datafield><datafield tag="550" ind1=" " ind2=" "><subfield code="a">Raupatu</subfield></datafield><datafield tag="550" ind1=" " ind2=" "><subfield code="a">Whenua raupatu</subfield></datafield><datafield tag="550" ind1=" " ind2=" "><subfield code="a">Whenua tautohetohe</subfield></datafield><datafield tag="550" ind1=" " ind2=" "><subfield code="w">g</subfield><subfield code="a">Muru</subfield></datafield><datafield tag="550" ind1=" " ind2=" "><subfield code="w">g</subfield><subfield code="a">Whenua</subfield></datafield><datafield tag="680" ind1=" " ind2=" "><subfield code="i">Whakamārama: I riro te whenua mo tauiwi i raro i te mana o te Karauna.</subfield></datafield><datafield tag="680" ind1=" " ind2=" "><subfield code="i">Scope Note: Land taken in retribution for a wrong doing.</subfield></datafield></record>