<record><leader>00000nz  a2200000n  4500</leader><controlfield tag="001">2041</controlfield><controlfield tag="003">NzReo</controlfield><controlfield tag="008">060524 n anznnbab|          || ana      </controlfield><datafield tag="040" ind1=" " ind2=" "><subfield code="a">Nz</subfield><subfield code="c">Nz</subfield><subfield code="f">reo</subfield></datafield><datafield tag="150" ind1=" " ind2=" "><subfield code="a">Neinei</subfield></datafield><datafield tag="450" ind1=" " ind2=" "><subfield code="a">Emiemi</subfield></datafield><datafield tag="450" ind1=" " ind2=" "><subfield code="a">Taritari āwhā</subfield></datafield><datafield tag="550" ind1=" " ind2=" "><subfield code="w">g</subfield><subfield code="a">Rākau whakauru</subfield></datafield><datafield tag="680" ind1=" " ind2=" "><subfield code="i">Whakamārama: He momo rākau kei ngā ngāhere o ngā maunga e tupu ana. He rahirahi ngā peka. He mātatoru te tupu o ngā rau pērā i te kiekie, ā, e tapahia ana hei raranga.</subfield></datafield><datafield tag="680" ind1=" " ind2=" "><subfield code="i">Scope Note: A tree of forests in mountainous country with thin branches ending in a bunch of leaves. There are different kinds in the North Island (D. latifolium) and the South Island (D. traversii). The latter especially is used by weavers. Dracophyllum traversii.</subfield></datafield></record>