<record><leader>00000nz  a2200000n  4500</leader><controlfield tag="001">4626</controlfield><controlfield tag="003">NzReo</controlfield><controlfield tag="008">150909 n anznnbab|          || ana      </controlfield><datafield tag="040" ind1=" " ind2=" "><subfield code="a">Nz</subfield><subfield code="c">Nz</subfield><subfield code="f">reo</subfield></datafield><datafield tag="150" ind1=" " ind2=" "><subfield code="a">Ngā Pakanga Whenua o Mua</subfield></datafield><datafield tag="450" ind1=" " ind2=" "><subfield code="a">Ngā Pakanga o Aotearoa</subfield></datafield><datafield tag="450" ind1=" " ind2=" "><subfield code="a">Pakanga o Aotearoa, Ngā</subfield></datafield><datafield tag="450" ind1=" " ind2=" "><subfield code="a">Pakanga Whenua o Mua, Ngā</subfield></datafield><datafield tag="450" ind1=" " ind2=" "><subfield code="a">Land wars</subfield></datafield><datafield tag="450" ind1=" " ind2=" "><subfield code="a">New Zealand Wars</subfield></datafield><datafield tag="450" ind1=" " ind2=" "><subfield code="a">Wars, Land</subfield></datafield><datafield tag="450" ind1=" " ind2=" "><subfield code="a">Wars, New Zealand</subfield></datafield><datafield tag="550" ind1=" " ind2=" "><subfield code="w">g</subfield><subfield code="a">Pakanga</subfield></datafield></record>