<record><leader>00000nz  a2200000n  4500</leader><controlfield tag="001">3966</controlfield><controlfield tag="003">NzReo</controlfield><controlfield tag="008">120113 n anznnbab|          || ana      </controlfield><datafield tag="040" ind1=" " ind2=" "><subfield code="a">Nz</subfield><subfield code="c">Nz</subfield><subfield code="f">reo</subfield></datafield><datafield tag="150" ind1=" " ind2=" "><subfield code="a">Ngā tae</subfield></datafield><datafield tag="450" ind1=" " ind2=" "><subfield code="a">Kara (Ngā tae)</subfield></datafield><datafield tag="450" ind1=" " ind2=" "><subfield code="a">Tae</subfield></datafield><datafield tag="450" ind1=" " ind2=" "><subfield code="a">Colours</subfield></datafield><datafield tag="450" ind1=" " ind2=" "><subfield code="a">Kano</subfield></datafield><datafield tag="550" ind1=" " ind2=" "><subfield code="a">Āniwaniwa</subfield></datafield><datafield tag="550" ind1=" " ind2=" "><subfield code="a">Uenuku</subfield></datafield><datafield tag="550" ind1=" " ind2=" "><subfield code="w">g</subfield><subfield code="a">Taiao</subfield></datafield><datafield tag="680" ind1=" " ind2=" "><subfield code="i">Whakamārama: Te āhua o tētahi mea ka kitea e te kanohi, ko whero, ko pango, ko mā.</subfield></datafield></record>