<record><leader>00000nz  a2200000n  4500</leader><controlfield tag="001">3048</controlfield><controlfield tag="003">NzReo</controlfield><controlfield tag="008">100427 n anznnbab|          || ana      </controlfield><datafield tag="040" ind1=" " ind2=" "><subfield code="a">Nz</subfield><subfield code="c">Nz</subfield><subfield code="f">reo</subfield></datafield><datafield tag="150" ind1=" " ind2=" "><subfield code="a">Ngā uri o Tangaroa</subfield></datafield><datafield tag="450" ind1=" " ind2=" "><subfield code="a">O te moana</subfield></datafield><datafield tag="450" ind1=" " ind2=" "><subfield code="a">Uri o Tangaroa, Ngā</subfield></datafield><datafield tag="450" ind1=" " ind2=" "><subfield code="a">Marine life</subfield></datafield><datafield tag="550" ind1=" " ind2=" "><subfield code="a">Hī ika</subfield></datafield><datafield tag="550" ind1=" " ind2=" "><subfield code="a">Ingoa</subfield></datafield><datafield tag="550" ind1=" " ind2=" "><subfield code="a">Tangaroa</subfield></datafield><datafield tag="550" ind1=" " ind2=" "><subfield code="w">g</subfield><subfield code="a">Pūtaiao</subfield></datafield><datafield tag="550" ind1=" " ind2=" "><subfield code="w">h</subfield><subfield code="a">Ika moana</subfield></datafield><datafield tag="550" ind1=" " ind2=" "><subfield code="w">h</subfield><subfield code="a">Kākahi</subfield></datafield><datafield tag="550" ind1=" " ind2=" "><subfield code="w">h</subfield><subfield code="a">Kina</subfield></datafield><datafield tag="550" ind1=" " ind2=" "><subfield code="w">h</subfield><subfield code="a">Kōura</subfield></datafield><datafield tag="550" ind1=" " ind2=" "><subfield code="w">h</subfield><subfield code="a">Pāpaka</subfield></datafield><datafield tag="550" ind1=" " ind2=" "><subfield code="w">h</subfield><subfield code="a">Pipi</subfield></datafield><datafield tag="550" ind1=" " ind2=" "><subfield code="w">h</subfield><subfield code="a">Pūpū waitai</subfield></datafield><datafield tag="550" ind1=" " ind2=" "><subfield code="w">h</subfield><subfield code="a">Rimutai</subfield></datafield><datafield tag="550" ind1=" " ind2=" "><subfield code="w">h</subfield><subfield code="a">Toheroa</subfield></datafield><datafield tag="550" ind1=" " ind2=" "><subfield code="w">h</subfield><subfield code="a">Tuatua</subfield></datafield><datafield tag="550" ind1=" " ind2=" "><subfield code="w">h</subfield><subfield code="a">Wēra</subfield></datafield><datafield tag="550" ind1=" " ind2=" "><subfield code="w">h</subfield><subfield code="a">Wheke</subfield></datafield><datafield tag="680" ind1=" " ind2=" "><subfield code="i">Scope Note: Use for general resources on marine life (both animals and plants).</subfield></datafield></record>