<record><leader>00000nz  a2200000n  4500</leader><controlfield tag="001">2042</controlfield><controlfield tag="003">NzReo</controlfield><controlfield tag="008">060524 n anznnbab|          || ana      </controlfield><datafield tag="040" ind1=" " ind2=" "><subfield code="a">Nz</subfield><subfield code="c">Nz</subfield><subfield code="f">reo</subfield></datafield><datafield tag="150" ind1=" " ind2=" "><subfield code="a">Ngaio</subfield></datafield><datafield tag="550" ind1=" " ind2=" "><subfield code="w">g</subfield><subfield code="a">Rākau whakauru</subfield></datafield><datafield tag="680" ind1=" " ind2=" "><subfield code="i">Whakamārama: He rākau kei te takutai moana e tupu ana. I te mea he repe noni kei ngā rau, ka hāpiapia. Ko ngā pua he mā, he māwhero ngā kōiraira. He porouri ngā hua.</subfield></datafield><datafield tag="680" ind1=" " ind2=" "><subfield code="i">Scope Note: A coastal tree with sticky leaves marked by prominent oil glands. The flowers are white, dotted with pink and the berry is purple. Myoporum laetum.</subfield></datafield></record>