<record><leader>00000nz  a2200000n  4500</leader><controlfield tag="001">4535</controlfield><controlfield tag="003">NzReo</controlfield><controlfield tag="008">150424 n anznnbab|          || ana      </controlfield><datafield tag="040" ind1=" " ind2=" "><subfield code="a">Nz</subfield><subfield code="c">Nz</subfield><subfield code="f">reo</subfield></datafield><datafield tag="150" ind1=" " ind2=" "><subfield code="a">Ngāngara</subfield></datafield><datafield tag="450" ind1=" " ind2=" "><subfield code="a">Gastropods</subfield></datafield><datafield tag="450" ind1=" " ind2=" "><subfield code="a">Invertebrates</subfield></datafield><datafield tag="550" ind1=" " ind2=" "><subfield code="w">g</subfield><subfield code="a">Ngārara</subfield></datafield><datafield tag="550" ind1=" " ind2=" "><subfield code="w">h</subfield><subfield code="a">Ngārara waewae-kore</subfield></datafield><datafield tag="680" ind1=" " ind2=" "><subfield code="i">Whakamārama: Ko ngā uri a Tāne pērā i te aitanga pepeke, i te mokomoko me ētahi atu.</subfield></datafield><datafield tag="680" ind1=" " ind2=" "><subfield code="i">Scope Note: A collective term for many invertebrate animals, including insects, worms, centipedes, gastropods and various larvae.</subfield></datafield></record>