<record><leader>00000nz  a2200000n  4500</leader><controlfield tag="001">2157</controlfield><controlfield tag="003">NzReo</controlfield><controlfield tag="008">060530 n anznnbab|          || ana      </controlfield><datafield tag="040" ind1=" " ind2=" "><subfield code="a">Nz</subfield><subfield code="c">Nz</subfield><subfield code="f">reo</subfield></datafield><datafield tag="150" ind1=" " ind2=" "><subfield code="a">Ngārara</subfield></datafield><datafield tag="450" ind1=" " ind2=" "><subfield code="a">Invertebrates</subfield></datafield><datafield tag="450" ind1=" " ind2=" "><subfield code="a">Molluscs</subfield></datafield><datafield tag="450" ind1=" " ind2=" "><subfield code="a">Reptiles</subfield></datafield><datafield tag="550" ind1=" " ind2=" "><subfield code="a">Ingoa</subfield></datafield><datafield tag="550" ind1=" " ind2=" "><subfield code="a">Taniwha</subfield></datafield><datafield tag="550" ind1=" " ind2=" "><subfield code="w">g</subfield><subfield code="a">Pūtaiao</subfield></datafield><datafield tag="550" ind1=" " ind2=" "><subfield code="w">h</subfield><subfield code="a">Aitanga pepeke</subfield></datafield><datafield tag="550" ind1=" " ind2=" "><subfield code="w">h</subfield><subfield code="a">Mokomoko</subfield></datafield><datafield tag="550" ind1=" " ind2=" "><subfield code="w">h</subfield><subfield code="a">Ngāngara</subfield></datafield><datafield tag="550" ind1=" " ind2=" "><subfield code="w">h</subfield><subfield code="a">Tuatara</subfield></datafield><datafield tag="680" ind1=" " ind2=" "><subfield code="i">Whakamārama: Ko ngā Uri a Tāne pērā i te aitanga pepeke me ētahi atu. E ai ki ngā kōrero tuku iho, he kararehe, he tipua, ko tōna hanga he whakamataku.</subfield></datafield><datafield tag="680" ind1=" " ind2=" "><subfield code="i">Scope Note: A collective term for many invertebrate animals including spiders, insects, centipedes, and various larvae, but also including reptiles. It is also used to refer to a creature or supernatural being whose form incites fear.</subfield></datafield></record>