<record><leader>00000nz  a2200000n  4500</leader><controlfield tag="001">4165</controlfield><controlfield tag="003">NzReo</controlfield><controlfield tag="008">130111 n anznnbab|          || ana      </controlfield><datafield tag="040" ind1=" " ind2=" "><subfield code="a">Nz</subfield><subfield code="c">Nz</subfield><subfield code="f">reo</subfield></datafield><datafield tag="150" ind1=" " ind2=" "><subfield code="a">Ngārara waewae-kore</subfield></datafield><datafield tag="450" ind1=" " ind2=" "><subfield code="a">Invertebrates, Legless</subfield></datafield><datafield tag="450" ind1=" " ind2=" "><subfield code="a">Legless invertebrates</subfield></datafield><datafield tag="550" ind1=" " ind2=" "><subfield code="w">g</subfield><subfield code="a">Ngāngara</subfield></datafield><datafield tag="550" ind1=" " ind2=" "><subfield code="w">h</subfield><subfield code="a">Noke</subfield></datafield></record>