<record><leader>00000nz  a2200000n  4500</leader><controlfield tag="001">2178</controlfield><controlfield tag="003">NzReo</controlfield><controlfield tag="008">060530 n anznnbab|          || ana      </controlfield><datafield tag="040" ind1=" " ind2=" "><subfield code="a">Nz</subfield><subfield code="c">Nz</subfield><subfield code="f">reo</subfield></datafield><datafield tag="150" ind1=" " ind2=" "><subfield code="a">Ngaro</subfield></datafield><datafield tag="450" ind1=" " ind2=" "><subfield code="a">Bees</subfield></datafield><datafield tag="450" ind1=" " ind2=" "><subfield code="a">Flies</subfield></datafield><datafield tag="450" ind1=" " ind2=" "><subfield code="a">Wasps</subfield></datafield><datafield tag="550" ind1=" " ind2=" "><subfield code="w">g</subfield><subfield code="a">Aitanga pepeke</subfield></datafield><datafield tag="680" ind1=" " ind2=" "><subfield code="i">Whakamārama: Ko ngā Uri rērere a Tāne, he katete ngā tinana. He pī, he rango, he wāpi me ēra atu.</subfield></datafield><datafield tag="680" ind1=" " ind2=" "><subfield code="i">Scope Note: A category of flying insects with stout bodies, including the native burrowing bees, native wasps and brachyceran flies.</subfield></datafield></record>