<record><leader>00000nz  a2200000n  4500</leader><controlfield tag="001">2531</controlfield><controlfield tag="003">NzReo</controlfield><controlfield tag="008">060531 n anznnbab|          || ana      </controlfield><datafield tag="040" ind1=" " ind2=" "><subfield code="a">Nz</subfield><subfield code="c">Nz</subfield><subfield code="f">reo</subfield></datafield><datafield tag="150" ind1=" " ind2=" "><subfield code="a">Ngāwhā</subfield></datafield><datafield tag="450" ind1=" " ind2=" "><subfield code="a">Ngāwhāriki</subfield></datafield><datafield tag="450" ind1=" " ind2=" "><subfield code="a">Springs, Sulphur</subfield></datafield><datafield tag="450" ind1=" " ind2=" "><subfield code="a">Sulphur springs</subfield></datafield><datafield tag="550" ind1=" " ind2=" "><subfield code="a">Pahūtanga</subfield></datafield><datafield tag="550" ind1=" " ind2=" "><subfield code="w">g</subfield><subfield code="a">Waiariki</subfield></datafield><datafield tag="680" ind1=" " ind2=" "><subfield code="i">Whakamārama: He papa puia ngāwhā.</subfield></datafield><datafield tag="680" ind1=" " ind2=" "><subfield code="i">Scope Note: Sulphur springs.</subfield></datafield></record>