<record><leader>00000nz  a2200000n  4500</leader><controlfield tag="001">733</controlfield><controlfield tag="003">NzReo</controlfield><controlfield tag="008">050825 n anznnbab|          || ana      </controlfield><datafield tag="040" ind1=" " ind2=" "><subfield code="a">Nz</subfield><subfield code="c">Nz</subfield><subfield code="f">reo</subfield></datafield><datafield tag="150" ind1=" " ind2=" "><subfield code="a">Ngeri</subfield></datafield><datafield tag="450" ind1=" " ind2=" "><subfield code="a">Chants</subfield></datafield><datafield tag="550" ind1=" " ind2=" "><subfield code="a">Haka</subfield></datafield><datafield tag="550" ind1=" " ind2=" "><subfield code="w">g</subfield><subfield code="a">Waiata koroua</subfield></datafield><datafield tag="680" ind1=" " ind2=" "><subfield code="i">Whakamārama: He momo haka.</subfield></datafield><datafield tag="680" ind1=" " ind2=" "><subfield code="i">Scope Note: Rhythmic chants with spontaneous actions; a type of haka, e.g. Ka mate, ka mate.</subfield></datafield></record>