<record><leader>00000nz  a2200000n  4500</leader><controlfield tag="001">1345</controlfield><controlfield tag="003">NzReo</controlfield><controlfield tag="008">060511 n anznnbab|          || ana      </controlfield><datafield tag="040" ind1=" " ind2=" "><subfield code="a">Nz</subfield><subfield code="c">Nz</subfield><subfield code="f">reo</subfield></datafield><datafield tag="150" ind1=" " ind2=" "><subfield code="a">Ngirungiru</subfield></datafield><datafield tag="450" ind1=" " ind2=" "><subfield code="a">South Island tomtits</subfield></datafield><datafield tag="450" ind1=" " ind2=" "><subfield code="a">Tomtits, South Island</subfield></datafield><datafield tag="550" ind1=" " ind2=" "><subfield code="w">g</subfield><subfield code="a">Manu ngahere</subfield></datafield><datafield tag="680" ind1=" " ind2=" "><subfield code="i">Whakamārama: He manu itiiti he rite ki te miromiro engari he āhua hāurakaho te poho.</subfield></datafield><datafield tag="680" ind1=" " ind2=" "><subfield code="i">Scope Note: A small bird resembling the miromiro/North Island tomtit but with yellowish buff colour on the breast. Petroica macrocephala macrocephala.</subfield></datafield></record>