<record><leader>00000nz  a2200000n  4500</leader><controlfield tag="001">4521</controlfield><controlfield tag="003">NzReo</controlfield><controlfield tag="008">150424 n anznnbab|          || ana      </controlfield><datafield tag="040" ind1=" " ind2=" "><subfield code="a">Nz</subfield><subfield code="c">Nz</subfield><subfield code="f">reo</subfield></datafield><datafield tag="150" ind1=" " ind2=" "><subfield code="a">Ngohe</subfield></datafield><datafield tag="450" ind1=" " ind2=" "><subfield code="a">Akoranga</subfield></datafield><datafield tag="450" ind1=" " ind2=" "><subfield code="a">Hei mahi</subfield></datafield><datafield tag="450" ind1=" " ind2=" "><subfield code="a">Kaupapa whakatīeke</subfield></datafield><datafield tag="450" ind1=" " ind2=" "><subfield code="a">Mahi whakatīeke</subfield></datafield><datafield tag="450" ind1=" " ind2=" "><subfield code="a">Activities, Learning</subfield></datafield><datafield tag="450" ind1=" " ind2=" "><subfield code="a">Learning activities</subfield></datafield><datafield tag="450" ind1=" " ind2=" "><subfield code="a">Learning tasks</subfield></datafield><datafield tag="450" ind1=" " ind2=" "><subfield code="a">Tasks, Learning</subfield></datafield><datafield tag="550" ind1=" " ind2=" "><subfield code="w">g</subfield><subfield code="a">Ako</subfield></datafield><datafield tag="680" ind1=" " ind2=" "><subfield code="i">Whakamārama: Ko te ngohe he mahi ako mā te tauira.</subfield></datafield></record>