<record><leader>00000nz  a2200000n  4500</leader><controlfield tag="001">2696</controlfield><controlfield tag="003">NzReo</controlfield><controlfield tag="008">060607 n anznnbab|          || ana      </controlfield><datafield tag="040" ind1=" " ind2=" "><subfield code="a">Nz</subfield><subfield code="c">Nz</subfield><subfield code="f">reo</subfield></datafield><datafield tag="150" ind1=" " ind2=" "><subfield code="a">Ngōiro</subfield></datafield><datafield tag="450" ind1=" " ind2=" "><subfield code="a">Conger eels</subfield></datafield><datafield tag="450" ind1=" " ind2=" "><subfield code="a">Eels, Conger</subfield></datafield><datafield tag="550" ind1=" " ind2=" "><subfield code="w">g</subfield><subfield code="a">Tuna</subfield></datafield><datafield tag="680" ind1=" " ind2=" "><subfield code="i">Whakamārama: He tuna nui nō te moana, he pango ōrangi te kiri, he rarahi ngā karu.</subfield></datafield><datafield tag="680" ind1=" " ind2=" "><subfield code="i">Scope Note: A large marine eel with a blue black skin and a large eye. Conger verreauxi.</subfield></datafield></record>