<record><leader>00000nz  a2200000n  4500</leader><controlfield tag="001">614</controlfield><controlfield tag="003">NzReo</controlfield><controlfield tag="008">050714 n anznnbab|          || ana      </controlfield><datafield tag="040" ind1=" " ind2=" "><subfield code="a">Nz</subfield><subfield code="c">Nz</subfield><subfield code="f">reo</subfield></datafield><datafield tag="150" ind1=" " ind2=" "><subfield code="a">Nguru</subfield></datafield><datafield tag="450" ind1=" " ind2=" "><subfield code="a">Flutes</subfield></datafield><datafield tag="450" ind1=" " ind2=" "><subfield code="a">Flutes, Nose</subfield></datafield><datafield tag="450" ind1=" " ind2=" "><subfield code="a">Nose flutes</subfield></datafield><datafield tag="550" ind1=" " ind2=" "><subfield code="a">Hineraukatauri</subfield></datafield><datafield tag="550" ind1=" " ind2=" "><subfield code="a">Kōauau</subfield></datafield><datafield tag="550" ind1=" " ind2=" "><subfield code="a">Kōauau ponga ihu</subfield></datafield><datafield tag="550" ind1=" " ind2=" "><subfield code="a">Ororuarangi</subfield></datafield><datafield tag="550" ind1=" " ind2=" "><subfield code="a">Ponga ihu</subfield></datafield><datafield tag="550" ind1=" " ind2=" "><subfield code="a">Pōrutu</subfield></datafield><datafield tag="550" ind1=" " ind2=" "><subfield code="a">Pūmotomoto</subfield></datafield><datafield tag="550" ind1=" " ind2=" "><subfield code="a">Pūtōrino</subfield></datafield><datafield tag="550" ind1=" " ind2=" "><subfield code="a">Rehu</subfield></datafield><datafield tag="550" ind1=" " ind2=" "><subfield code="w">g</subfield><subfield code="a">Taonga pūoro</subfield></datafield><datafield tag="680" ind1=" " ind2=" "><subfield code="i">Whakamārama: He āhua rite ki te kōauau tēnei taonga. Kotahi noa te rerekē, ko tētahi pito he piko. Ka whakatāngihia ma te waha me te ihu hoki.</subfield></datafield><datafield tag="680" ind1=" " ind2=" "><subfield code="i">Scope Note: This instrument is similar to the kōauau/traditional flute with one difference being that one end is turned upward. It can be blown by either the mouth or the nose.</subfield></datafield></record>