<record><leader>00000nz  a2200000n  4500</leader><controlfield tag="001">1495</controlfield><controlfield tag="003">NzReo</controlfield><controlfield tag="008">060511 n anznnbab|          || ana      </controlfield><datafield tag="040" ind1=" " ind2=" "><subfield code="a">Nz</subfield><subfield code="c">Nz</subfield><subfield code="f">reo</subfield></datafield><datafield tag="150" ind1=" " ind2=" "><subfield code="a">Ngutu pare</subfield></datafield><datafield tag="450" ind1=" " ind2=" "><subfield code="a">Plovers, Wry billed</subfield></datafield><datafield tag="450" ind1=" " ind2=" "><subfield code="a">Wry billed plovers</subfield></datafield><datafield tag="550" ind1=" " ind2=" "><subfield code="w">g</subfield><subfield code="a">Manu ki tātahi</subfield></datafield><datafield tag="680" ind1=" " ind2=" "><subfield code="i">Whakamārama: He manu itiiti, pōkai atu ki te tāhuna. He hina te tuarā, he mā te poho. E takawiri kē ana te ngutu ki te taha matau.</subfield></datafield><datafield tag="680" ind1=" " ind2=" "><subfield code="i">Scope Note: A small bird which flocks on the shore. It is grey above and white below. It differs from all other birds in having the bill twisted to the right. Anarhynchus frontalis.</subfield></datafield></record>