<record><leader>00000nz  a2200000n  4500</leader><controlfield tag="001">2043</controlfield><controlfield tag="003">NzReo</controlfield><controlfield tag="008">060524 n anznnbab|          || ana      </controlfield><datafield tag="040" ind1=" " ind2=" "><subfield code="a">Nz</subfield><subfield code="c">Nz</subfield><subfield code="f">reo</subfield></datafield><datafield tag="150" ind1=" " ind2=" "><subfield code="a">Nīkau</subfield></datafield><datafield tag="450" ind1=" " ind2=" "><subfield code="a">Kaihuia</subfield></datafield><datafield tag="450" ind1=" " ind2=" "><subfield code="a">Nīkau palms</subfield></datafield><datafield tag="450" ind1=" " ind2=" "><subfield code="a">Palms, Nīkau</subfield></datafield><datafield tag="550" ind1=" " ind2=" "><subfield code="w">g</subfield><subfield code="a">Rākau whakauru</subfield></datafield><datafield tag="550" ind1=" " ind2=" "><subfield code="w">h</subfield><subfield code="a">Rito nīkau</subfield></datafield><datafield tag="680" ind1=" " ind2=" "><subfield code="i">Whakamārama: Ko te nīkau ake o Aotearoa, ko ngā rauhuru hei rauwhare.</subfield></datafield><datafield tag="680" ind1=" " ind2=" "><subfield code="i">Scope Note: A palm that is indigenous (native) to New Zealand. The fronds were used for thatch. Rhopalostylis sapida.</subfield></datafield></record>