<record><leader>00000nz  a2200000n  4500</leader><controlfield tag="001">2151</controlfield><controlfield tag="003">NzReo</controlfield><controlfield tag="008">060529 n anznnbab|          || ana      </controlfield><datafield tag="040" ind1=" " ind2=" "><subfield code="a">Nz</subfield><subfield code="c">Nz</subfield><subfield code="f">reo</subfield></datafield><datafield tag="150" ind1=" " ind2=" "><subfield code="a">Niu</subfield></datafield><datafield tag="450" ind1=" " ind2=" "><subfield code="a">Ceremonies, Divination</subfield></datafield><datafield tag="550" ind1=" " ind2=" "><subfield code="w">g</subfield><subfield code="a">Tikanga</subfield></datafield><datafield tag="680" ind1=" " ind2=" "><subfield code="i">Whakamārama: He mahi nā ngā tohunga, kia puta ai ngā tohu.</subfield></datafield><datafield tag="680" ind1=" " ind2=" "><subfield code="i">Scope Note: A divination ceremony to predict future events. Small sticks and fern stalks were used.</subfield></datafield></record>