<record><leader>00000nz  a2200000n  4500</leader><controlfield tag="001">2850</controlfield><controlfield tag="003">NzReo</controlfield><controlfield tag="008">071213 n anznnbab|          || ana      </controlfield><datafield tag="040" ind1=" " ind2=" "><subfield code="a">Nz</subfield><subfield code="c">Nz</subfield><subfield code="f">reo</subfield></datafield><datafield tag="150" ind1=" " ind2=" "><subfield code="a">Nūpepa</subfield></datafield><datafield tag="450" ind1=" " ind2=" "><subfield code="a">Niupepa</subfield></datafield><datafield tag="450" ind1=" " ind2=" "><subfield code="a">Newspapers</subfield></datafield><datafield tag="550" ind1=" " ind2=" "><subfield code="a">Kawe kōrero</subfield></datafield><datafield tag="550" ind1=" " ind2=" "><subfield code="a">Moheni</subfield></datafield><datafield tag="550" ind1=" " ind2=" "><subfield code="a">Pūrongorongo</subfield></datafield><datafield tag="550" ind1=" " ind2=" "><subfield code="w">g</subfield><subfield code="a">Pāpāho</subfield></datafield><datafield tag="550" ind1=" " ind2=" "><subfield code="w">g</subfield><subfield code="a">Tuhinga kōrero</subfield></datafield><datafield tag="680" ind1=" " ind2=" "><subfield code="i">Whakamārama: Ko te nūpepa he pukapuka kawe kōrero e pā ana ki ngā kaupapa o te wā me te aha noa ka tāngia i ia rā i ia wiki rānei.</subfield></datafield><datafield tag="680" ind1=" " ind2=" "><subfield code="i">Scope Note: Can be used for examples of newspapers or for works about newspapers.</subfield></datafield></record>