<record><leader>00000nz  a2200000n  4500</leader><controlfield tag="001">4291</controlfield><controlfield tag="003">NzReo</controlfield><controlfield tag="008">140902 n anznnbab|          || ana      </controlfield><datafield tag="040" ind1=" " ind2=" "><subfield code="a">Nz</subfield><subfield code="c">Nz</subfield><subfield code="f">reo</subfield></datafield><datafield tag="150" ind1=" " ind2=" "><subfield code="a">Ō kawekawe</subfield></datafield><datafield tag="450" ind1=" " ind2=" "><subfield code="a">Material world</subfield></datafield><datafield tag="450" ind1=" " ind2=" "><subfield code="a">World, Material</subfield></datafield><datafield tag="550" ind1=" " ind2=" "><subfield code="a">Rūaumoko</subfield></datafield><datafield tag="550" ind1=" " ind2=" "><subfield code="w">g</subfield><subfield code="a">Pūtaiao</subfield></datafield><datafield tag="550" ind1=" " ind2=" "><subfield code="w">h</subfield><subfield code="a">Mātauranga matū</subfield></datafield><datafield tag="680" ind1=" " ind2=" "><subfield code="i">Whakamārama: Kei roto i tēnei kaupapa ngā matū tino taketake e hangaia ai te ao tūroa, mai i te noke ki te whetū. E tū mataara ana a Rūaumoko hei kaitiaki.</subfield></datafield><datafield tag="680" ind1=" " ind2=" "><subfield code="i">Scope Note: The world of matter, encompassing all original substances that make up the earth, from worms to stars. Rūaumoko is the guardian of the world of matter.</subfield></datafield></record>