<record><leader>00000nz  a2200000n  4500</leader><controlfield tag="001">3588</controlfield><controlfield tag="003">NzReo</controlfield><controlfield tag="008">110603 n anznnbab|          || ana      </controlfield><datafield tag="040" ind1=" " ind2=" "><subfield code="a">Nz</subfield><subfield code="c">Nz</subfield><subfield code="f">reo</subfield></datafield><datafield tag="150" ind1=" " ind2=" "><subfield code="a">Ōhanga</subfield></datafield><datafield tag="450" ind1=" " ind2=" "><subfield code="a">Economy</subfield></datafield><datafield tag="550" ind1=" " ind2=" "><subfield code="a">Pēke</subfield></datafield><datafield tag="550" ind1=" " ind2=" "><subfield code="a">Pūtea</subfield></datafield><datafield tag="550" ind1=" " ind2=" "><subfield code="a">Tauhokohoko</subfield></datafield><datafield tag="550" ind1=" " ind2=" "><subfield code="a">Tuku ratonga</subfield></datafield><datafield tag="550" ind1=" " ind2=" "><subfield code="w">g</subfield><subfield code="a">Ohaoha</subfield></datafield><datafield tag="550" ind1=" " ind2=" "><subfield code="w">h</subfield><subfield code="a">Āhuatanga ōhanga</subfield></datafield><datafield tag="550" ind1=" " ind2=" "><subfield code="w">h</subfield><subfield code="a">Ōhanga whanaketanga</subfield></datafield><datafield tag="550" ind1=" " ind2=" "><subfield code="w">h</subfield><subfield code="a">Whakaaotanga</subfield></datafield><datafield tag="680" ind1=" " ind2=" "><subfield code="i">Whakamārama: Te pai o te noho o tētahi whenua ina tirohia te kaha o tana waihanga me tana whakapau i ngā taonga hoko me ngā ratonga, me te nui o te moni e wātea ana ki a ia.</subfield></datafield><datafield tag="680" ind1=" " ind2=" "><subfield code="i">Scope Note: The system of production, distribution and consumption of goods and services.</subfield></datafield></record>