<record><leader>00000nz  a2200000n  4500</leader><controlfield tag="001">4041</controlfield><controlfield tag="003">NzReo</controlfield><controlfield tag="008">120503 n anznnbab|          || ana      </controlfield><datafield tag="040" ind1=" " ind2=" "><subfield code="a">Nz</subfield><subfield code="c">Nz</subfield><subfield code="f">reo</subfield></datafield><datafield tag="150" ind1=" " ind2=" "><subfield code="a">Ōhanga whanaketanga</subfield></datafield><datafield tag="450" ind1=" " ind2=" "><subfield code="a">Development, Economic</subfield></datafield><datafield tag="450" ind1=" " ind2=" "><subfield code="a">Economic development</subfield></datafield><datafield tag="550" ind1=" " ind2=" "><subfield code="a">Whakapakari ā-iwi</subfield></datafield><datafield tag="550" ind1=" " ind2=" "><subfield code="w">g</subfield><subfield code="a">Ōhanga</subfield></datafield><datafield tag="680" ind1=" " ind2=" "><subfield code="i">Whakamārama: Ko te mahi whakapakari pūtea, te whakapakari ohaoha, te whakapakari ūmanga, te mahi whai pūtea i te ao hurihuri nei.</subfield></datafield><datafield tag="680" ind1=" " ind2=" "><subfield code="i">Scope Note: Economic development and growth including capacity building, increasing economic gains, etc.</subfield></datafield></record>