<record><leader>00000nz  a2200000n  4500</leader><controlfield tag="001">3006</controlfield><controlfield tag="003">NzReo</controlfield><controlfield tag="008">071212 n anznnbab|          || ana      </controlfield><datafield tag="040" ind1=" " ind2=" "><subfield code="a">Nz</subfield><subfield code="c">Nz</subfield><subfield code="f">reo</subfield></datafield><datafield tag="150" ind1=" " ind2=" "><subfield code="a">Ohaoha</subfield></datafield><datafield tag="450" ind1=" " ind2=" "><subfield code="a">Economics</subfield></datafield><datafield tag="550" ind1=" " ind2=" "><subfield code="a">Tāke</subfield></datafield><datafield tag="550" ind1=" " ind2=" "><subfield code="w">h</subfield><subfield code="a">Ahumahi</subfield></datafield><datafield tag="550" ind1=" " ind2=" "><subfield code="w">h</subfield><subfield code="a">Ōhanga</subfield></datafield><datafield tag="550" ind1=" " ind2=" "><subfield code="w">h</subfield><subfield code="a">Umanga</subfield></datafield><datafield tag="680" ind1=" " ind2=" "><subfield code="i">Whakamārama: Ko te kaupapa tēnei o te whakanoanga me te whakaratonga o te ngaki o te whenua.</subfield></datafield><datafield tag="680" ind1=" " ind2=" "><subfield code="i">Scope Note: The science of the production and distribution of wealth.</subfield></datafield></record>