<record><leader>00000nz  a2200000n  4500</leader><controlfield tag="001">1405</controlfield><controlfield tag="003">NzReo</controlfield><controlfield tag="008">060511 n anznnbab|          || ana      </controlfield><datafield tag="040" ind1=" " ind2=" "><subfield code="a">Nz</subfield><subfield code="c">Nz</subfield><subfield code="f">reo</subfield></datafield><datafield tag="150" ind1=" " ind2=" "><subfield code="a">Ōi</subfield></datafield><datafield tag="450" ind1=" " ind2=" "><subfield code="a">Muttonbirds, North Island</subfield></datafield><datafield tag="450" ind1=" " ind2=" "><subfield code="a">North Island muttonbirds</subfield></datafield><datafield tag="550" ind1=" " ind2=" "><subfield code="w">g</subfield><subfield code="a">Manu moana</subfield></datafield><datafield tag="680" ind1=" " ind2=" "><subfield code="i">Whakamārama: He manu moana, he rahi, he hāurapango te tuarā, he hāuratea te puku. Hei te takurua, ka paopao. He huahua nā ngā iwi o Te Ika a Māui.</subfield></datafield><datafield tag="680" ind1=" " ind2=" "><subfield code="i">Scope Note: A large seabird with blackish brown feathers, paler below. It breeds in winter and the chicks were gathered and preserved as an important food preserve for North Island iwi. Pterodroma macroptera.</subfield></datafield></record>