<record><leader>00000nz  a2200000n  4500</leader><controlfield tag="001">1797</controlfield><controlfield tag="003">NzReo</controlfield><controlfield tag="008">060524 n anznnbab|          || ana      </controlfield><datafield tag="040" ind1=" " ind2=" "><subfield code="a">Nz</subfield><subfield code="c">Nz</subfield><subfield code="f">reo</subfield></datafield><datafield tag="150" ind1=" " ind2=" "><subfield code="a">Oioi</subfield></datafield><datafield tag="450" ind1=" " ind2=" "><subfield code="a">Jointed rushes</subfield></datafield><datafield tag="450" ind1=" " ind2=" "><subfield code="a">Rushes, Jointed</subfield></datafield><datafield tag="550" ind1=" " ind2=" "><subfield code="a">Toetoe</subfield></datafield><datafield tag="550" ind1=" " ind2=" "><subfield code="w">g</subfield><subfield code="a">Whara</subfield></datafield><datafield tag="680" ind1=" " ind2=" "><subfield code="i">Whakamārama: He momo wīwi. He angiangi, he monamona ngā rau. Kei ngā pūkenga wai o te taha moana e tupu ana.</subfield></datafield><datafield tag="680" ind1=" " ind2=" "><subfield code="i">Scope Note: A rush with fragile jointed leaves which is found on flooded tidal flats behind beaches. Leptocarpus simplex.</subfield></datafield></record>