<record><leader>00000nz  a2200000n  4500</leader><controlfield tag="001">4071</controlfield><controlfield tag="003">NzReo</controlfield><controlfield tag="008">120503 n anznnbab|          || ana      </controlfield><datafield tag="040" ind1=" " ind2=" "><subfield code="a">Nz</subfield><subfield code="c">Nz</subfield><subfield code="f">reo</subfield></datafield><datafield tag="150" ind1=" " ind2=" "><subfield code="a">Onioni</subfield></datafield><datafield tag="450" ind1=" " ind2=" "><subfield code="a">Intercourse, Sexual</subfield></datafield><datafield tag="450" ind1=" " ind2=" "><subfield code="a">Sexual intercourse</subfield></datafield><datafield tag="550" ind1=" " ind2=" "><subfield code="w">g</subfield><subfield code="a">Taihemahema</subfield></datafield><datafield tag="680" ind1=" " ind2=" "><subfield code="i">Whakamārama: Ka mahi te tokorua i ētahi mahi kia tokomauri ai, pērā i te kuhu i te ure tū ki te tara, ka werowero ai ā tuhaina rawatia te tātea</subfield></datafield></record>