<record><leader>00000nz  a2200000n  4500</leader><controlfield tag="001">2809</controlfield><controlfield tag="003">NzReo</controlfield><controlfield tag="008">071212 n anznnbab|          || ana      </controlfield><datafield tag="040" ind1=" " ind2=" "><subfield code="a">Nz</subfield><subfield code="c">Nz</subfield><subfield code="f">reo</subfield></datafield><datafield tag="150" ind1=" " ind2=" "><subfield code="a">Ora</subfield></datafield><datafield tag="450" ind1=" " ind2=" "><subfield code="a">Alive</subfield></datafield><datafield tag="450" ind1=" " ind2=" "><subfield code="a">Living</subfield></datafield><datafield tag="450" ind1=" " ind2=" "><subfield code="a">Well-being</subfield></datafield><datafield tag="550" ind1=" " ind2=" "><subfield code="a">Whakapakari ā-iwi</subfield></datafield><datafield tag="550" ind1=" " ind2=" "><subfield code="w">g</subfield><subfield code="a">Hauora</subfield></datafield><datafield tag="550" ind1=" " ind2=" "><subfield code="w">h</subfield><subfield code="a">Aronganui</subfield></datafield><datafield tag="550" ind1=" " ind2=" "><subfield code="w">h</subfield><subfield code="a">Hauora hinengaro</subfield></datafield><datafield tag="550" ind1=" " ind2=" "><subfield code="w">h</subfield><subfield code="a">Hauora tinana</subfield></datafield><datafield tag="550" ind1=" " ind2=" "><subfield code="w">h</subfield><subfield code="a">Hauora wairua</subfield></datafield><datafield tag="550" ind1=" " ind2=" "><subfield code="w">h</subfield><subfield code="a">Hauora whānau</subfield></datafield><datafield tag="550" ind1=" " ind2=" "><subfield code="w">h</subfield><subfield code="a">Mahi tapuhi</subfield></datafield><datafield tag="680" ind1=" " ind2=" "><subfield code="i">Whakamārama: Ki te ora te tangata, ka pai tōna wairua, tōna tinana, tōna hinengaro, tōna ngākau hoki.</subfield></datafield><datafield tag="680" ind1=" " ind2=" "><subfield code="i">Scope Note: If a person is exceptionally well, so will he/she be well spiritually, physically, mentally and personally.</subfield></datafield></record>