<record><leader>00000nz  a2200000n  4500</leader><controlfield tag="001">2329</controlfield><controlfield tag="003">NzReo</controlfield><controlfield tag="008">060531 n anznnbab|          || ana      </controlfield><datafield tag="040" ind1=" " ind2=" "><subfield code="a">Nz</subfield><subfield code="c">Nz</subfield><subfield code="f">reo</subfield></datafield><datafield tag="150" ind1=" " ind2=" "><subfield code="a">Ore-rākau a tū</subfield></datafield><datafield tag="450" ind1=" " ind2=" "><subfield code="a">Harpoons</subfield></datafield><datafield tag="550" ind1=" " ind2=" "><subfield code="w">g</subfield><subfield code="a">Rākau ā Tū</subfield></datafield><datafield tag="680" ind1=" " ind2=" "><subfield code="i">Whakamārama: He momo rākau nā Tū, ka taea te tango o te tara.</subfield></datafield><datafield tag="680" ind1=" " ind2=" "><subfield code="i">Scope Note: A war spear with a detachable point.</subfield></datafield></record>