<record><leader>00000nz  a2200000n  4500</leader><controlfield tag="001">730</controlfield><controlfield tag="003">NzReo</controlfield><controlfield tag="008">050825 n anznnbab|          || ana      </controlfield><datafield tag="040" ind1=" " ind2=" "><subfield code="a">Nz</subfield><subfield code="c">Nz</subfield><subfield code="f">reo</subfield></datafield><datafield tag="150" ind1=" " ind2=" "><subfield code="a">Oriori</subfield></datafield><datafield tag="450" ind1=" " ind2=" "><subfield code="a">Pōpō</subfield></datafield><datafield tag="450" ind1=" " ind2=" "><subfield code="a">Lullabies</subfield></datafield><datafield tag="550" ind1=" " ind2=" "><subfield code="w">g</subfield><subfield code="a">Waiata koroua</subfield></datafield><datafield tag="680" ind1=" " ind2=" "><subfield code="i">Whakamārama: Ka whānau te tamaiti, ka titoa e te whaea, e te matua, e ngā tupuna rānei kia ori mai te pepe.</subfield></datafield><datafield tag="680" ind1=" " ind2=" "><subfield code="i">Scope Note: A lullaby composed for a baby by its parents or grandparents.</subfield></datafield></record>