<record><leader>00000nz  a2200000n  4500</leader><controlfield tag="001">3652</controlfield><controlfield tag="003">NzReo</controlfield><controlfield tag="008">110603 n anznnbab|          || ana      </controlfield><datafield tag="040" ind1=" " ind2=" "><subfield code="a">Nz</subfield><subfield code="c">Nz</subfield><subfield code="f">reo</subfield></datafield><datafield tag="150" ind1=" " ind2=" "><subfield code="a">Ōrokohanga o te ao</subfield></datafield><datafield tag="450" ind1=" " ind2=" "><subfield code="a">Cosmogeny</subfield></datafield><datafield tag="450" ind1=" " ind2=" "><subfield code="a">Cosmogony</subfield></datafield><datafield tag="450" ind1=" " ind2=" "><subfield code="a">Creation of the universe</subfield></datafield><datafield tag="550" ind1=" " ind2=" "><subfield code="a">Hawaiiki</subfield></datafield><datafield tag="550" ind1=" " ind2=" "><subfield code="a">Ira</subfield></datafield><datafield tag="550" ind1=" " ind2=" "><subfield code="a">Mōhiotanga</subfield></datafield><datafield tag="550" ind1=" " ind2=" "><subfield code="a">Papatūānuku</subfield></datafield><datafield tag="550" ind1=" " ind2=" "><subfield code="a">Pūrākau</subfield></datafield><datafield tag="550" ind1=" " ind2=" "><subfield code="a">Ranginui</subfield></datafield><datafield tag="550" ind1=" " ind2=" "><subfield code="a">Whakapapa</subfield></datafield><datafield tag="550" ind1=" " ind2=" "><subfield code="w">g</subfield><subfield code="a">Atua</subfield></datafield><datafield tag="550" ind1=" " ind2=" "><subfield code="w">h</subfield><subfield code="a">Te Ao Hurihuri</subfield></datafield><datafield tag="550" ind1=" " ind2=" "><subfield code="w">h</subfield><subfield code="a">Te Ao Tāwhito</subfield></datafield><datafield tag="680" ind1=" " ind2=" "><subfield code="i">Whakamārama: Te tino tīmatanga o ngā mea katoa, arā, te hanga o te ao tukupū.</subfield></datafield><datafield tag="680" ind1=" " ind2=" "><subfield code="i">Scope Note: The metaphysical study of the origin and nature of the universe. Use for works about the creation of the world and/or the universe.</subfield></datafield></record>