<record><leader>00000nz  a2200000n  4500</leader><controlfield tag="001">2710</controlfield><controlfield tag="003">NzReo</controlfield><controlfield tag="008">060607 n anznnbab|          || ana      </controlfield><datafield tag="040" ind1=" " ind2=" "><subfield code="a">Nz</subfield><subfield code="c">Nz</subfield><subfield code="f">reo</subfield></datafield><datafield tag="150" ind1=" " ind2=" "><subfield code="a">Ororeo</subfield></datafield><datafield tag="450" ind1=" " ind2=" "><subfield code="a">Arapū</subfield></datafield><datafield tag="450" ind1=" " ind2=" "><subfield code="a">Tātai reo</subfield></datafield><datafield tag="450" ind1=" " ind2=" "><subfield code="a">Alphabet, Māori</subfield></datafield><datafield tag="550" ind1=" " ind2=" "><subfield code="w">g</subfield><subfield code="a">Mātauranga wetereo</subfield></datafield><datafield tag="680" ind1=" " ind2=" "><subfield code="i">Whakamārama: He tātai pū.</subfield></datafield><datafield tag="680" ind1=" " ind2=" "><subfield code="i">Scope Note: The Māori alphabet.</subfield></datafield></record>