<record><leader>00000nz  a2200000n  4500</leader><controlfield tag="001">615</controlfield><controlfield tag="003">NzReo</controlfield><controlfield tag="008">050714 n anznnbab|          || ana      </controlfield><datafield tag="040" ind1=" " ind2=" "><subfield code="a">Nz</subfield><subfield code="c">Nz</subfield><subfield code="f">reo</subfield></datafield><datafield tag="150" ind1=" " ind2=" "><subfield code="a">Ororuarangi</subfield></datafield><datafield tag="450" ind1=" " ind2=" "><subfield code="a">Flutes</subfield></datafield><datafield tag="550" ind1=" " ind2=" "><subfield code="a">Hinepūtehue</subfield></datafield><datafield tag="550" ind1=" " ind2=" "><subfield code="a">Hineraukatauri</subfield></datafield><datafield tag="550" ind1=" " ind2=" "><subfield code="a">Hue puruhau</subfield></datafield><datafield tag="550" ind1=" " ind2=" "><subfield code="a">Hue puruwai</subfield></datafield><datafield tag="550" ind1=" " ind2=" "><subfield code="a">Kōauau</subfield></datafield><datafield tag="550" ind1=" " ind2=" "><subfield code="a">Kōauau ponga ihu</subfield></datafield><datafield tag="550" ind1=" " ind2=" "><subfield code="a">Nguru</subfield></datafield><datafield tag="550" ind1=" " ind2=" "><subfield code="a">Poiāwhiowhio</subfield></datafield><datafield tag="550" ind1=" " ind2=" "><subfield code="a">Ponga ihu</subfield></datafield><datafield tag="550" ind1=" " ind2=" "><subfield code="a">Pōrutu</subfield></datafield><datafield tag="550" ind1=" " ind2=" "><subfield code="a">Pūmotomoto</subfield></datafield><datafield tag="550" ind1=" " ind2=" "><subfield code="a">Pūtōrino</subfield></datafield><datafield tag="550" ind1=" " ind2=" "><subfield code="a">Rarā</subfield></datafield><datafield tag="550" ind1=" " ind2=" "><subfield code="a">Rehu</subfield></datafield><datafield tag="550" ind1=" " ind2=" "><subfield code="w">g</subfield><subfield code="a">Taonga pūoro</subfield></datafield><datafield tag="680" ind1=" " ind2=" "><subfield code="i">Whakamārama: He rite ki te kōauau tēnei taonga engari ko ngā wenewene noho piri tonu, ā, ka hanga mai i te kakau o te hue.</subfield></datafield><datafield tag="680" ind1=" " ind2=" "><subfield code="i">Scope Note: This instrument, traditionally made from the neck of the gourd, is similar to the kōauau/traditional flute but the finger holes are close together.</subfield></datafield></record>