<record><leader>00000nz  a2200000n  4500</leader><controlfield tag="001">1560</controlfield><controlfield tag="003">NzReo</controlfield><controlfield tag="008">060524 n anznnbab|          || ana      </controlfield><datafield tag="040" ind1=" " ind2=" "><subfield code="a">Nz</subfield><subfield code="c">Nz</subfield><subfield code="f">reo</subfield></datafield><datafield tag="150" ind1=" " ind2=" "><subfield code="a">Otaota</subfield></datafield><datafield tag="450" ind1=" " ind2=" "><subfield code="a">Grasses</subfield></datafield><datafield tag="450" ind1=" " ind2=" "><subfield code="a">Herbaceous plants</subfield></datafield><datafield tag="550" ind1=" " ind2=" "><subfield code="a">Aka</subfield></datafield><datafield tag="550" ind1=" " ind2=" "><subfield code="a">Huruhuru whenua</subfield></datafield><datafield tag="550" ind1=" " ind2=" "><subfield code="a">Mauwha</subfield></datafield><datafield tag="550" ind1=" " ind2=" "><subfield code="a">Otaota hāwere</subfield></datafield><datafield tag="550" ind1=" " ind2=" "><subfield code="a">Pūkohu</subfield></datafield><datafield tag="550" ind1=" " ind2=" "><subfield code="a">Rākau whakakake</subfield></datafield><datafield tag="550" ind1=" " ind2=" "><subfield code="a">Rākau whakaruruhau</subfield></datafield><datafield tag="550" ind1=" " ind2=" "><subfield code="a">Rākau whakauru</subfield></datafield><datafield tag="550" ind1=" " ind2=" "><subfield code="a">Whara</subfield></datafield><datafield tag="550" ind1=" " ind2=" "><subfield code="w">g</subfield><subfield code="a">Te Wao nui a Tāne</subfield></datafield><datafield tag="550" ind1=" " ind2=" "><subfield code="w">h</subfield><subfield code="a">Aute</subfield></datafield><datafield tag="550" ind1=" " ind2=" "><subfield code="w">h</subfield><subfield code="a">Hīoi</subfield></datafield><datafield tag="550" ind1=" " ind2=" "><subfield code="w">h</subfield><subfield code="a">Horokaka</subfield></datafield><datafield tag="550" ind1=" " ind2=" "><subfield code="w">h</subfield><subfield code="a">Hue</subfield></datafield><datafield tag="550" ind1=" " ind2=" "><subfield code="w">h</subfield><subfield code="a">Koru</subfield></datafield><datafield tag="550" ind1=" " ind2=" "><subfield code="w">h</subfield><subfield code="a">Pārerarera</subfield></datafield><datafield tag="550" ind1=" " ind2=" "><subfield code="w">h</subfield><subfield code="a">Pātōtara</subfield></datafield><datafield tag="550" ind1=" " ind2=" "><subfield code="w">h</subfield><subfield code="a">Pirikahu</subfield></datafield><datafield tag="550" ind1=" " ind2=" "><subfield code="w">h</subfield><subfield code="a">Piripiri</subfield></datafield><datafield tag="550" ind1=" " ind2=" "><subfield code="w">h</subfield><subfield code="a">Rauhuia</subfield></datafield><datafield tag="550" ind1=" " ind2=" "><subfield code="w">h</subfield><subfield code="a">Remuremu</subfield></datafield><datafield tag="550" ind1=" " ind2=" "><subfield code="w">h</subfield><subfield code="a">Remuroa</subfield></datafield><datafield tag="550" ind1=" " ind2=" "><subfield code="w">h</subfield><subfield code="a">Runa</subfield></datafield><datafield tag="550" ind1=" " ind2=" "><subfield code="w">h</subfield><subfield code="a">Taramea</subfield></datafield><datafield tag="550" ind1=" " ind2=" "><subfield code="w">h</subfield><subfield code="a">Tarutaru</subfield></datafield><datafield tag="550" ind1=" " ind2=" "><subfield code="w">h</subfield><subfield code="a">Tūkōrehu</subfield></datafield><datafield tag="550" ind1=" " ind2=" "><subfield code="w">h</subfield><subfield code="a">Tutukiwi</subfield></datafield><datafield tag="550" ind1=" " ind2=" "><subfield code="w">h</subfield><subfield code="a">Uwhi</subfield></datafield><datafield tag="550" ind1=" " ind2=" "><subfield code="w">h</subfield><subfield code="a">Waewae koukou</subfield></datafield><datafield tag="550" ind1=" " ind2=" "><subfield code="w">h</subfield><subfield code="a">Waiū o kahukura</subfield></datafield><datafield tag="680" ind1=" " ind2=" "><subfield code="i">Whakamārama: Ko ngā tarutaru ngāwari ngā tāta.</subfield></datafield><datafield tag="680" ind1=" " ind2=" "><subfield code="i">Scope Note: A collective term for herbaceous plants without woody stems. Includes grasses.</subfield></datafield></record>