<record><leader>00000nz  a2200000n  4500</leader><controlfield tag="001">1262</controlfield><controlfield tag="003">NzReo</controlfield><controlfield tag="008">060503 n anznnbab|          || ana      </controlfield><datafield tag="040" ind1=" " ind2=" "><subfield code="a">Nz</subfield><subfield code="c">Nz</subfield><subfield code="f">reo</subfield></datafield><datafield tag="150" ind1=" " ind2=" "><subfield code="a">Otaota (Kai)</subfield></datafield><datafield tag="450" ind1=" " ind2=" "><subfield code="a">Vegetables</subfield></datafield><datafield tag="550" ind1=" " ind2=" "><subfield code="a">Pūtake</subfield></datafield><datafield tag="550" ind1=" " ind2=" "><subfield code="a">Rīwai</subfield></datafield><datafield tag="550" ind1=" " ind2=" "><subfield code="w">g</subfield><subfield code="a">Hua whenua</subfield></datafield><datafield tag="550" ind1=" " ind2=" "><subfield code="w">h</subfield><subfield code="a">Pūhā</subfield></datafield><datafield tag="680" ind1=" " ind2=" "><subfield code="i">Whakamārama: He mānga katoa.</subfield></datafield><datafield tag="680" ind1=" " ind2=" "><subfield code="i">Scope Note: Plants used as vegetables.</subfield></datafield></record>