<record><leader>00000nz  a2200000n  4500</leader><controlfield tag="001">73</controlfield><controlfield tag="003">NzReo</controlfield><controlfield tag="008">060510 n anznnbab|          || ana      </controlfield><datafield tag="040" ind1=" " ind2=" "><subfield code="a">Nz</subfield><subfield code="c">Nz</subfield><subfield code="f">reo</subfield></datafield><datafield tag="150" ind1=" " ind2=" "><subfield code="a">Otaota waimāori</subfield></datafield><datafield tag="450" ind1=" " ind2=" "><subfield code="a">Freshwater plants</subfield></datafield><datafield tag="450" ind1=" " ind2=" "><subfield code="a">Plants, Freshwater</subfield></datafield><datafield tag="550" ind1=" " ind2=" "><subfield code="a">Rimutai</subfield></datafield><datafield tag="550" ind1=" " ind2=" "><subfield code="w">g</subfield><subfield code="a">Moana</subfield></datafield><datafield tag="550" ind1=" " ind2=" "><subfield code="w">h</subfield><subfield code="a">Kuta</subfield></datafield><datafield tag="550" ind1=" " ind2=" "><subfield code="w">h</subfield><subfield code="a">Mānihi</subfield></datafield><datafield tag="550" ind1=" " ind2=" "><subfield code="w">h</subfield><subfield code="a">Raupō</subfield></datafield><datafield tag="550" ind1=" " ind2=" "><subfield code="w">h</subfield><subfield code="a">Rērēwai</subfield></datafield><datafield tag="550" ind1=" " ind2=" "><subfield code="w">h</subfield><subfield code="a">Retoreto</subfield></datafield><datafield tag="550" ind1=" " ind2=" "><subfield code="w">h</subfield><subfield code="a">Tūtunāwai</subfield></datafield><datafield tag="680" ind1=" " ind2=" "><subfield code="i">Whakamārama: Ko ngā momo otaota tupu i roto i te waimāori.</subfield></datafield><datafield tag="680" ind1=" " ind2=" "><subfield code="i">Scope Note: A collective term for plants that live in freshwater.</subfield></datafield></record>