<record><leader>00000nz  a2200000n  4500</leader><controlfield tag="001">1174</controlfield><controlfield tag="003">NzReo</controlfield><controlfield tag="008">060331 n anznnbab|          || ana      </controlfield><datafield tag="040" ind1=" " ind2=" "><subfield code="a">Nz</subfield><subfield code="c">Nz</subfield><subfield code="f">reo</subfield></datafield><datafield tag="150" ind1=" " ind2=" "><subfield code="a">Pā (Hī ika)</subfield></datafield><datafield tag="450" ind1=" " ind2=" "><subfield code="a">Fish weirs</subfield></datafield><datafield tag="550" ind1=" " ind2=" "><subfield code="w">g</subfield><subfield code="a">Taputapu hī ika</subfield></datafield><datafield tag="680" ind1=" " ind2=" "><subfield code="i">Whakamārama: I hangaia ahuriri, ā, he maha ngā ika i mau.</subfield></datafield><datafield tag="680" ind1=" " ind2=" "><subfield code="i">Scope Note: Fish weir or enclosure set in a stream to trap fresh-water fish on their annual migration to sea to spawn.</subfield></datafield></record>