<record><leader>00000nz  a2200000n  4500</leader><controlfield tag="001">2400</controlfield><controlfield tag="003">NzReo</controlfield><controlfield tag="008">060531 n anznnbab|          || ana      </controlfield><datafield tag="040" ind1=" " ind2=" "><subfield code="a">Nz</subfield><subfield code="c">Nz</subfield><subfield code="f">reo</subfield></datafield><datafield tag="150" ind1=" " ind2=" "><subfield code="a">Pā punanga</subfield></datafield><datafield tag="450" ind1=" " ind2=" "><subfield code="a">Refuges</subfield></datafield><datafield tag="550" ind1=" " ind2=" "><subfield code="a">Pakanga</subfield></datafield><datafield tag="550" ind1=" " ind2=" "><subfield code="w">g</subfield><subfield code="a">Pā</subfield></datafield><datafield tag="680" ind1=" " ind2=" "><subfield code="i">Whakamārama: He wāhi whakaruru mō ngā tāngata kāore i te whawhai i te wā o te pakanga.</subfield></datafield><datafield tag="680" ind1=" " ind2=" "><subfield code="i">Scope Note: A place of refuge for non-combatants in time of war.</subfield></datafield></record>