<record><leader>00000nz  a2200000n  4500</leader><controlfield tag="001">60</controlfield><controlfield tag="003">NzReo</controlfield><controlfield tag="008">060406 n anznnbab|          || ana      </controlfield><datafield tag="040" ind1=" " ind2=" "><subfield code="a">Nz</subfield><subfield code="c">Nz</subfield><subfield code="f">reo</subfield></datafield><datafield tag="150" ind1=" " ind2=" "><subfield code="a">Pā tūwatawata</subfield></datafield><datafield tag="550" ind1=" " ind2=" "><subfield code="w">g</subfield><subfield code="a">Pā</subfield></datafield><datafield tag="680" ind1=" " ind2=" "><subfield code="i">Whakamārama: He pā nunui, he maioro nunui hoki i tēnei momo pā.</subfield></datafield><datafield tag="680" ind1=" " ind2=" "><subfield code="i">Scope Note: A huge village made up mainly of complex earthworks.</subfield></datafield></record>