<record><leader>00000nz  a2200000n  4500</leader><controlfield tag="001">4218</controlfield><controlfield tag="003">NzReo</controlfield><controlfield tag="008">131015 n anznnbab|          || ana      </controlfield><datafield tag="040" ind1=" " ind2=" "><subfield code="a">Nz</subfield><subfield code="c">Nz</subfield><subfield code="f">reo</subfield></datafield><datafield tag="150" ind1=" " ind2=" "><subfield code="a">Pā whutupāoro</subfield></datafield><datafield tag="450" ind1=" " ind2=" "><subfield code="a">Pā whutupōro</subfield></datafield><datafield tag="450" ind1=" " ind2=" "><subfield code="a">Whutupōro whakapā</subfield></datafield><datafield tag="450" ind1=" " ind2=" "><subfield code="a">Rugby, Touch</subfield></datafield><datafield tag="450" ind1=" " ind2=" "><subfield code="a">Touch rugby</subfield></datafield><datafield tag="450" ind1=" " ind2=" "><subfield code="a">Pāpāpāoro</subfield></datafield><datafield tag="550" ind1=" " ind2=" "><subfield code="w">g</subfield><subfield code="a">Hākinakina</subfield></datafield></record>