<record><leader>00000nz  a2200000n  4500</leader><controlfield tag="001">3457</controlfield><controlfield tag="003">NzReo</controlfield><controlfield tag="008">101221 n anznnbab|          || ana      </controlfield><datafield tag="040" ind1=" " ind2=" "><subfield code="a">Nz</subfield><subfield code="c">Nz</subfield><subfield code="f">reo</subfield></datafield><datafield tag="150" ind1=" " ind2=" "><subfield code="a">Pae tukutuku</subfield></datafield><datafield tag="450" ind1=" " ind2=" "><subfield code="a">Paetukutuku</subfield></datafield><datafield tag="450" ind1=" " ind2=" "><subfield code="a">Tūranga tukutuku</subfield></datafield><datafield tag="450" ind1=" " ind2=" "><subfield code="a">Websites</subfield></datafield><datafield tag="550" ind1=" " ind2=" "><subfield code="a">Rorohiko</subfield></datafield><datafield tag="550" ind1=" " ind2=" "><subfield code="w">g</subfield><subfield code="a">Ipurangi</subfield></datafield><datafield tag="550" ind1=" " ind2=" "><subfield code="w">h</subfield><subfield code="a">Rangitaki</subfield></datafield><datafield tag="680" ind1=" " ind2=" "><subfield code="i">Scope Note: Can be used for examples of websites or for works about websites.</subfield></datafield></record>