<record><leader>00000nz  a2200000n  4500</leader><controlfield tag="001">2630</controlfield><controlfield tag="003">NzReo</controlfield><controlfield tag="008">060607 n anznnbab|          || ana      </controlfield><datafield tag="040" ind1=" " ind2=" "><subfield code="a">Nz</subfield><subfield code="c">Nz</subfield><subfield code="f">reo</subfield></datafield><datafield tag="150" ind1=" " ind2=" "><subfield code="a">Paea</subfield></datafield><datafield tag="450" ind1=" " ind2=" "><subfield code="a">Swordfishes</subfield></datafield><datafield tag="550" ind1=" " ind2=" "><subfield code="w">g</subfield><subfield code="a">Ika moana</subfield></datafield><datafield tag="680" ind1=" " ind2=" "><subfield code="i">Whakamārama: Ko te ika nui rawa o ngā ika ihu roroa, engari he ihu paraha.</subfield></datafield><datafield tag="680" ind1=" " ind2=" "><subfield code="i">Scope Note: The largest of the billfishes, with the spear distinctly flattened. Unlike other billfishes it has no pelvic fins. Xiphias gladius.</subfield></datafield></record>