<record><leader>00000nz  a2200000n  4500</leader><controlfield tag="001">1247</controlfield><controlfield tag="003">NzReo</controlfield><controlfield tag="008">060413 n anznnbab|          || ana      </controlfield><datafield tag="040" ind1=" " ind2=" "><subfield code="a">Nz</subfield><subfield code="c">Nz</subfield><subfield code="f">reo</subfield></datafield><datafield tag="150" ind1=" " ind2=" "><subfield code="a">Paepae</subfield></datafield><datafield tag="450" ind1=" " ind2=" "><subfield code="a">Tattoos, Facial</subfield></datafield><datafield tag="550" ind1=" " ind2=" "><subfield code="w">g</subfield><subfield code="a">Tā moko (Tā ngira)</subfield></datafield><datafield tag="550" ind1=" " ind2=" "><subfield code="w">g</subfield><subfield code="a">Tā moko (Uhi)</subfield></datafield><datafield tag="550" ind1=" " ind2=" "><subfield code="w">g</subfield><subfield code="a">Whare whakairo</subfield></datafield><datafield tag="680" ind1=" " ind2=" "><subfield code="i">Whakamārama: Ko ngā tā ēnei e piko ana ki ngā pāpāringa.</subfield></datafield><datafield tag="680" ind1=" " ind2=" "><subfield code="i">Scope Note: These are the cheek spirals of facial tattoos.</subfield></datafield></record>