<record><leader>00000nz  a2200000n  4500</leader><controlfield tag="001">1783</controlfield><controlfield tag="003">NzReo</controlfield><controlfield tag="008">060524 n anznnbab|          || ana      </controlfield><datafield tag="040" ind1=" " ind2=" "><subfield code="a">Nz</subfield><subfield code="c">Nz</subfield><subfield code="f">reo</subfield></datafield><datafield tag="150" ind1=" " ind2=" "><subfield code="a">Pāhau kākāpo</subfield></datafield><datafield tag="450" ind1=" " ind2=" "><subfield code="a">Giant mosses</subfield></datafield><datafield tag="450" ind1=" " ind2=" "><subfield code="a">Mosses, Giant</subfield></datafield><datafield tag="550" ind1=" " ind2=" "><subfield code="w">g</subfield><subfield code="a">Pūkohu</subfield></datafield><datafield tag="680" ind1=" " ind2=" "><subfield code="i">Whakamārama: He pūkohu rahi, kei te ngahere mākūkū e tupu ana.</subfield></datafield><datafield tag="680" ind1=" " ind2=" "><subfield code="i">Scope Note: A large moss resembling a young pine seedling. It grows in stands in damp forest. Dawsonia superba.</subfield></datafield></record>