<record><leader>00000nz  a2200000n  4500</leader><controlfield tag="001">1914</controlfield><controlfield tag="003">NzReo</controlfield><controlfield tag="008">060524 n anznnbab|          || ana      </controlfield><datafield tag="040" ind1=" " ind2=" "><subfield code="a">Nz</subfield><subfield code="c">Nz</subfield><subfield code="f">reo</subfield></datafield><datafield tag="150" ind1=" " ind2=" "><subfield code="a">Pāhautea</subfield></datafield><datafield tag="450" ind1=" " ind2=" "><subfield code="a">Cedars, New Zealand</subfield></datafield><datafield tag="450" ind1=" " ind2=" "><subfield code="a">New Zealand cedars</subfield></datafield><datafield tag="550" ind1=" " ind2=" "><subfield code="w">g</subfield><subfield code="a">Rākau whakakake</subfield></datafield><datafield tag="680" ind1=" " ind2=" "><subfield code="i">Whakamārama: He rākau rite ki te kawaka. Kia pakari, kua rite ngā rau ki te inohi.</subfield></datafield><datafield tag="680" ind1=" " ind2=" "><subfield code="i">Scope Note: A tall tree resembling the kawaka, with a cone shaped head of spreading branches and fernlike foliage with scale-like adult leaves. Libocedrus bidwillii.</subfield></datafield></record>