<record><leader>00000nz  a2200000n  4500</leader><controlfield tag="001">636</controlfield><controlfield tag="003">NzReo</controlfield><controlfield tag="008">050714 n anznnbab|          || ana      </controlfield><datafield tag="040" ind1=" " ind2=" "><subfield code="a">Nz</subfield><subfield code="c">Nz</subfield><subfield code="f">reo</subfield></datafield><datafield tag="150" ind1=" " ind2=" "><subfield code="a">Pahū</subfield></datafield><datafield tag="450" ind1=" " ind2=" "><subfield code="a">Drums</subfield></datafield><datafield tag="450" ind1=" " ind2=" "><subfield code="a">Instruments, Wooden</subfield></datafield><datafield tag="450" ind1=" " ind2=" "><subfield code="a">Wooden instruments</subfield></datafield><datafield tag="550" ind1=" " ind2=" "><subfield code="a">Pūkaea</subfield></datafield><datafield tag="550" ind1=" " ind2=" "><subfield code="a">Tānemāhuta</subfield></datafield><datafield tag="550" ind1=" " ind2=" "><subfield code="a">Tūmatakōkiri</subfield></datafield><datafield tag="550" ind1=" " ind2=" "><subfield code="w">g</subfield><subfield code="a">Taonga pūoro</subfield></datafield><datafield tag="680" ind1=" " ind2=" "><subfield code="i">Whakamārama: He taonga whakatangitangi tēnei hanga mai i te rākau, ā, no te whānau hoki o Tūmatakōkiri, he rerekē tana āhuatanga ki a te pūkaea. He taonga pao pao i te ringa.</subfield></datafield><datafield tag="680" ind1=" " ind2=" "><subfield code="i">Scope Note: This instrument is made of wood and belongs to the Tūmatakōkiri classification of Māori instruments even though it differs visibly in shape and playing techniques to that of the pūkaea/trumpet. It is a type of drum.</subfield></datafield></record>