<record><leader>00000nz  a2200000n  4500</leader><controlfield tag="001">3836</controlfield><controlfield tag="003">NzReo</controlfield><controlfield tag="008">111215 n anznnbab|          || ana      </controlfield><datafield tag="040" ind1=" " ind2=" "><subfield code="a">Nz</subfield><subfield code="c">Nz</subfield><subfield code="f">reo</subfield></datafield><datafield tag="150" ind1=" " ind2=" "><subfield code="a">Pahūtanga</subfield></datafield><datafield tag="450" ind1=" " ind2=" "><subfield code="a">Hūnga</subfield></datafield><datafield tag="450" ind1=" " ind2=" "><subfield code="a">Eruptions, Volcanic</subfield></datafield><datafield tag="450" ind1=" " ind2=" "><subfield code="a">Volcanic eruptions</subfield></datafield><datafield tag="550" ind1=" " ind2=" "><subfield code="a">Ngāwhā</subfield></datafield><datafield tag="550" ind1=" " ind2=" "><subfield code="a">Rūaumoko</subfield></datafield><datafield tag="550" ind1=" " ind2=" "><subfield code="w">g</subfield><subfield code="a">Aituā (Taiao)</subfield></datafield></record>