<record><leader>00000nz  a2200000n  4500</leader><controlfield tag="001">3690</controlfield><controlfield tag="003">NzReo</controlfield><controlfield tag="008">110607 n anznnbab|          || ana      </controlfield><datafield tag="040" ind1=" " ind2=" "><subfield code="a">Nz</subfield><subfield code="c">Nz</subfield><subfield code="f">reo</subfield></datafield><datafield tag="150" ind1=" " ind2=" "><subfield code="a">Paihamu</subfield></datafield><datafield tag="450" ind1=" " ind2=" "><subfield code="a">Paihama</subfield></datafield><datafield tag="450" ind1=" " ind2=" "><subfield code="a">Opossums</subfield></datafield><datafield tag="450" ind1=" " ind2=" "><subfield code="a">Possums</subfield></datafield><datafield tag="550" ind1=" " ind2=" "><subfield code="w">g</subfield><subfield code="a">Kararehe whāngote</subfield></datafield><datafield tag="680" ind1=" " ind2=" "><subfield code="i">Whakamārama: He kararehe noho ngahere, noho wao, he parauri kiwikiwi ngā huruhuru ngerungeru, he nunui ngā karu, ka taea e ia tana whiore roa te takai ki te rākau, he kararehe haere pō.</subfield></datafield><datafield tag="680" ind1=" " ind2=" "><subfield code="i">Scope Note: Brush tailed possums were introduced into New Zealand in 1837 to establish a fur trade. The possum has a thick bushy tail, a pointed snout and long marsupial ears. Typically a night creature, the possum can wrap its tail around trees to move about. Trichosurus vulpecula.</subfield></datafield></record>