<record><leader>00000nz  a2200000n  4500</leader><controlfield tag="001">276</controlfield><controlfield tag="003">NzReo</controlfield><controlfield tag="008">060608 n anznnbab|          || ana      </controlfield><datafield tag="040" ind1=" " ind2=" "><subfield code="a">Nz</subfield><subfield code="c">Nz</subfield><subfield code="f">reo</subfield></datafield><datafield tag="150" ind1=" " ind2=" "><subfield code="a">Paipera Tapu</subfield></datafield><datafield tag="450" ind1=" " ind2=" "><subfield code="a">Bible</subfield></datafield><datafield tag="550" ind1=" " ind2=" "><subfield code="a">Hīmene</subfield></datafield><datafield tag="550" ind1=" " ind2=" "><subfield code="a">Wairua</subfield></datafield><datafield tag="550" ind1=" " ind2=" "><subfield code="w">g</subfield><subfield code="a">Whakapono</subfield></datafield><datafield tag="550" ind1=" " ind2=" "><subfield code="w">h</subfield><subfield code="a">Kāwenata Hou</subfield></datafield><datafield tag="550" ind1=" " ind2=" "><subfield code="w">h</subfield><subfield code="a">Kāwenata Tawhito</subfield></datafield><datafield tag="550" ind1=" " ind2=" "><subfield code="w">h</subfield><subfield code="a">Rongopai</subfield></datafield><datafield tag="550" ind1=" " ind2=" "><subfield code="w">h</subfield><subfield code="a">Ūpoko (Paipera Tapu)</subfield></datafield><datafield tag="680" ind1=" " ind2=" "><subfield code="i">Whakamārama: Ko te pukapuka tapu a te whakapono Karaitiana.</subfield></datafield><datafield tag="680" ind1=" " ind2=" "><subfield code="i">Scope Note: The Christian Bible, a religious text. This heading can be used for examples of Bibles or for works about Bibles.</subfield></datafield></record>