<record><leader>00000nz  a2200000n  4500</leader><controlfield tag="001">1408</controlfield><controlfield tag="003">NzReo</controlfield><controlfield tag="008">060511 n anznnbab|          || ana      </controlfield><datafield tag="040" ind1=" " ind2=" "><subfield code="a">Nz</subfield><subfield code="c">Nz</subfield><subfield code="f">reo</subfield></datafield><datafield tag="150" ind1=" " ind2=" "><subfield code="a">Pakahā</subfield></datafield><datafield tag="450" ind1=" " ind2=" "><subfield code="a">Fluttering shearwaters</subfield></datafield><datafield tag="450" ind1=" " ind2=" "><subfield code="a">Shearwaters, Fluttering</subfield></datafield><datafield tag="550" ind1=" " ind2=" "><subfield code="w">g</subfield><subfield code="a">Manu moana</subfield></datafield><datafield tag="680" ind1=" " ind2=" "><subfield code="i">Whakamārama: He manu itiiti nō te moana. He hina ōrangi te tuarā, he mā te puku. He rite ki te tītī wainui.</subfield></datafield><datafield tag="680" ind1=" " ind2=" "><subfield code="i">Scope Note: A small shearwater, brown above and white below, with a very loud call. Pachyptila cittata.</subfield></datafield></record>