<record><leader>00000nz  a2200000n  4500</leader><controlfield tag="001">50</controlfield><controlfield tag="003">NzReo</controlfield><controlfield tag="008">060308 n anznnbab|          || ana      </controlfield><datafield tag="040" ind1=" " ind2=" "><subfield code="a">Nz</subfield><subfield code="c">Nz</subfield><subfield code="f">reo</subfield></datafield><datafield tag="150" ind1=" " ind2=" "><subfield code="a">Pakake</subfield></datafield><datafield tag="450" ind1=" " ind2=" "><subfield code="a">Carving patterns (Whales)</subfield></datafield><datafield tag="550" ind1=" " ind2=" "><subfield code="w">g</subfield><subfield code="a">Whakairo</subfield></datafield><datafield tag="680" ind1=" " ind2=" "><subfield code="i">Whakamārama: He momo whakairo e pā ana ki tētahi momo tohorā.</subfield></datafield><datafield tag="680" ind1=" " ind2=" "><subfield code="i">Scope Note: The depiction of whales on carvings.</subfield></datafield></record>