<record><leader>00000nz  a2200000n  4500</leader><controlfield tag="001">503</controlfield><controlfield tag="003">NzReo</controlfield><controlfield tag="008">050624 n anznnbab|          || ana      </controlfield><datafield tag="040" ind1=" " ind2=" "><subfield code="a">Nz</subfield><subfield code="c">Nz</subfield><subfield code="f">reo</subfield></datafield><datafield tag="150" ind1=" " ind2=" "><subfield code="a">Pakanga</subfield></datafield><datafield tag="450" ind1=" " ind2=" "><subfield code="a">Kakari</subfield></datafield><datafield tag="450" ind1=" " ind2=" "><subfield code="a">Matawhāura</subfield></datafield><datafield tag="450" ind1=" " ind2=" "><subfield code="a">Whawhai</subfield></datafield><datafield tag="450" ind1=" " ind2=" "><subfield code="a">Wars</subfield></datafield><datafield tag="550" ind1=" " ind2=" "><subfield code="a">Ahi marae</subfield></datafield><datafield tag="550" ind1=" " ind2=" "><subfield code="a">Kaitangata</subfield></datafield><datafield tag="550" ind1=" " ind2=" "><subfield code="a">Pā punanga</subfield></datafield><datafield tag="550" ind1=" " ind2=" "><subfield code="a">Ringa kaha</subfield></datafield><datafield tag="550" ind1=" " ind2=" "><subfield code="a">Tūmatauenga</subfield></datafield><datafield tag="550" ind1=" " ind2=" "><subfield code="w">h</subfield><subfield code="a">Hōia</subfield></datafield><datafield tag="550" ind1=" " ind2=" "><subfield code="w">h</subfield><subfield code="a">Kākari</subfield></datafield><datafield tag="550" ind1=" " ind2=" "><subfield code="w">h</subfield><subfield code="a">Mahi whakatuatea</subfield></datafield><datafield tag="550" ind1=" " ind2=" "><subfield code="w">h</subfield><subfield code="a">Ngā Pakanga Whenua o Mua</subfield></datafield><datafield tag="550" ind1=" " ind2=" "><subfield code="w">h</subfield><subfield code="a">Rākau ā Tū</subfield></datafield><datafield tag="550" ind1=" " ind2=" "><subfield code="w">h</subfield><subfield code="a">Taua</subfield></datafield><datafield tag="550" ind1=" " ind2=" "><subfield code="w">h</subfield><subfield code="a">Taurekareka</subfield></datafield><datafield tag="550" ind1=" " ind2=" "><subfield code="w">h</subfield><subfield code="a">Te Pakanga Tuatahi o Te Ao</subfield></datafield><datafield tag="550" ind1=" " ind2=" "><subfield code="w">h</subfield><subfield code="a">Toki</subfield></datafield><datafield tag="550" ind1=" " ind2=" "><subfield code="w">h</subfield><subfield code="a">Utu</subfield></datafield><datafield tag="680" ind1=" " ind2=" "><subfield code="i">Whakamārama: He pakanga te pakanga ahakoa ko wai ahakoa ki hea.</subfield></datafield><datafield tag="680" ind1=" " ind2=" "><subfield code="i">Scope Note: All types of warfare, including intertribal.</subfield></datafield></record>