<record><leader>00000nz  a2200000n  4500</leader><controlfield tag="001">3478</controlfield><controlfield tag="003">NzReo</controlfield><controlfield tag="008">101221 n anznnbab|          || ana      </controlfield><datafield tag="040" ind1=" " ind2=" "><subfield code="a">Nz</subfield><subfield code="c">Nz</subfield><subfield code="f">reo</subfield></datafield><datafield tag="150" ind1=" " ind2=" "><subfield code="a">Pākau</subfield></datafield><datafield tag="450" ind1=" " ind2=" "><subfield code="a">Manu pākaukau</subfield></datafield><datafield tag="450" ind1=" " ind2=" "><subfield code="a">Pākaukau</subfield></datafield><datafield tag="450" ind1=" " ind2=" "><subfield code="a">Kites (Framed)</subfield></datafield><datafield tag="450" ind1=" " ind2=" "><subfield code="a">Kites (Rushes)</subfield></datafield><datafield tag="550" ind1=" " ind2=" "><subfield code="a">Raupō</subfield></datafield><datafield tag="550" ind1=" " ind2=" "><subfield code="w">g</subfield><subfield code="a">Manu (Whakaraka)</subfield></datafield><datafield tag="680" ind1=" " ind2=" "><subfield code="i">Whakamārama: He taonga tākaro i hangaia ai ki te toetoe, i uhia ki te anga.</subfield></datafield><datafield tag="680" ind1=" " ind2=" "><subfield code="i">Scope Note: Kites made from rushes, etc., stretched on a frame.</subfield></datafield></record>