<record><leader>00000nz  a2200000n  4500</leader><controlfield tag="001">4843</controlfield><controlfield tag="003">NzReo</controlfield><controlfield tag="008">160531 n anznnbab|          || ana      </controlfield><datafield tag="040" ind1=" " ind2=" "><subfield code="a">Nz</subfield><subfield code="c">Nz</subfield><subfield code="f">reo</subfield></datafield><datafield tag="150" ind1=" " ind2=" "><subfield code="a">Pākē</subfield></datafield><datafield tag="450" ind1=" " ind2=" "><subfield code="a">Capes, Rain</subfield></datafield><datafield tag="450" ind1=" " ind2=" "><subfield code="a">Rain capes</subfield></datafield><datafield tag="550" ind1=" " ind2=" "><subfield code="w">g</subfield><subfield code="a">Whatu kākahu</subfield></datafield><datafield tag="680" ind1=" " ind2=" "><subfield code="i">Scope Note: Rain capes made by attaching leaf strips, hukahuka, to a woven foundation.</subfield></datafield></record>