<record><leader>00000nz  a2200000n  4500</leader><controlfield tag="001">2924</controlfield><controlfield tag="003">NzReo</controlfield><controlfield tag="008">100119 n anznnbab|          || ana      </controlfield><datafield tag="040" ind1=" " ind2=" "><subfield code="a">Nz</subfield><subfield code="c">Nz</subfield><subfield code="f">reo</subfield></datafield><datafield tag="150" ind1=" " ind2=" "><subfield code="a">Pakeke</subfield></datafield><datafield tag="450" ind1=" " ind2=" "><subfield code="a">Taipakeke</subfield></datafield><datafield tag="450" ind1=" " ind2=" "><subfield code="a">Adults</subfield></datafield><datafield tag="550" ind1=" " ind2=" "><subfield code="a">Kaumātua</subfield></datafield><datafield tag="550" ind1=" " ind2=" "><subfield code="a">Taitamariki</subfield></datafield><datafield tag="550" ind1=" " ind2=" "><subfield code="w">g</subfield><subfield code="a">Whānau</subfield></datafield><datafield tag="680" ind1=" " ind2=" "><subfield code="i">Whakamārama: He tāne, he wāhine rānei kua neke atu ōna tau i ō te tamariki, i ō te taiohi, engari kāore anō kia koroua rawa, kia kuia rawa.</subfield></datafield><datafield tag="680" ind1=" " ind2=" "><subfield code="i">Scope Note: Mature people aged between young adults and the elderly. See also: Taitamariki (Youth, aged about 16-21) and Kaumātua (Elders).</subfield></datafield></record>