<record><leader>00000nz  a2200000n  4500</leader><controlfield tag="001">1120</controlfield><controlfield tag="003">NzReo</controlfield><controlfield tag="008">060331 n anznnbab|          || ana      </controlfield><datafield tag="040" ind1=" " ind2=" "><subfield code="a">Nz</subfield><subfield code="c">Nz</subfield><subfield code="f">reo</subfield></datafield><datafield tag="150" ind1=" " ind2=" "><subfield code="a">Pakiwaitara</subfield></datafield><datafield tag="450" ind1=" " ind2=" "><subfield code="a">Kōrero parau</subfield></datafield><datafield tag="450" ind1=" " ind2=" "><subfield code="a">Fiction</subfield></datafield><datafield tag="450" ind1=" " ind2=" "><subfield code="a">Short stories</subfield></datafield><datafield tag="550" ind1=" " ind2=" "><subfield code="a">Kōrero paki mā ngā tamariki</subfield></datafield><datafield tag="550" ind1=" " ind2=" "><subfield code="a">Pūrākau</subfield></datafield><datafield tag="550" ind1=" " ind2=" "><subfield code="w">g</subfield><subfield code="a">Tuhinga kōrero</subfield></datafield><datafield tag="680" ind1=" " ind2=" "><subfield code="i">Whakamārama: Ko ngā kōrero parau a te Māori.</subfield></datafield><datafield tag="680" ind1=" " ind2=" "><subfield code="i">Scope Note: Fictional stories of Māori as opposed to historical or legendary. Modern fiction. This heading can be used for examples of fiction or for works about fiction.</subfield></datafield></record>