<record><leader>00000nz  a2200000n  4500</leader><controlfield tag="001">3699</controlfield><controlfield tag="003">NzReo</controlfield><controlfield tag="008">110607 n anznnbab|          || ana      </controlfield><datafield tag="040" ind1=" " ind2=" "><subfield code="a">Nz</subfield><subfield code="c">Nz</subfield><subfield code="f">reo</subfield></datafield><datafield tag="150" ind1=" " ind2=" "><subfield code="a">Pakiwaituhi</subfield></datafield><datafield tag="450" ind1=" " ind2=" "><subfield code="a">Cartoons</subfield></datafield><datafield tag="450" ind1=" " ind2=" "><subfield code="a">Comics</subfield></datafield><datafield tag="450" ind1=" " ind2=" "><subfield code="a">Graphic novels</subfield></datafield><datafield tag="450" ind1=" " ind2=" "><subfield code="a">Novels, Graphic</subfield></datafield><datafield tag="550" ind1=" " ind2=" "><subfield code="a">Pukapuka whakaahua</subfield></datafield><datafield tag="550" ind1=" " ind2=" "><subfield code="a">Whakaahua</subfield></datafield><datafield tag="550" ind1=" " ind2=" "><subfield code="w">g</subfield><subfield code="a">Tuhinga kōrero</subfield></datafield><datafield tag="680" ind1=" " ind2=" "><subfield code="i">Whakamārama: He pūrākau i tuhia ki te pikitia.</subfield></datafield><datafield tag="680" ind1=" " ind2=" "><subfield code="i">Scope Note: Works in graphic novel format, including 'true' stories and fiction. Can be used for examples of graphic novels and for works about graphic novels, or, for works about biographies and life stories in graphic novel format.</subfield></datafield></record>