<record><leader>00000nz  a2200000n  4500</leader><controlfield tag="001">373</controlfield><controlfield tag="003">NzReo</controlfield><controlfield tag="008">050506 n anznnbab|          || ana      </controlfield><datafield tag="040" ind1=" " ind2=" "><subfield code="a">Nz</subfield><subfield code="c">Nz</subfield><subfield code="f">reo</subfield></datafield><datafield tag="150" ind1=" " ind2=" "><subfield code="a">Pakokori</subfield></datafield><datafield tag="550" ind1=" " ind2=" "><subfield code="w">g</subfield><subfield code="a">Waka</subfield></datafield><datafield tag="680" ind1=" " ind2=" "><subfield code="i">Whakamārama: He whare mō runga i ngā waka nunui.</subfield></datafield><datafield tag="680" ind1=" " ind2=" "><subfield code="i">Scope Note: The deckhouse of a large waka/canoe.</subfield></datafield></record>