<record><leader>00000nz  a2200000n  4500</leader><controlfield tag="001">1273</controlfield><controlfield tag="003">NzReo</controlfield><controlfield tag="008">060503 n anznnbab|          || ana      </controlfield><datafield tag="040" ind1=" " ind2=" "><subfield code="a">Nz</subfield><subfield code="c">Nz</subfield><subfield code="f">reo</subfield></datafield><datafield tag="150" ind1=" " ind2=" "><subfield code="a">Pakura</subfield></datafield><datafield tag="450" ind1=" " ind2=" "><subfield code="a">Carving patterns (Spiral)</subfield></datafield><datafield tag="550" ind1=" " ind2=" "><subfield code="a">Pūkeko</subfield></datafield><datafield tag="550" ind1=" " ind2=" "><subfield code="w">g</subfield><subfield code="a">Whakairo</subfield></datafield><datafield tag="680" ind1=" " ind2=" "><subfield code="i">Whakamārama: He momo whakairo tēnei, e pikopiko haere ana te āhua.</subfield></datafield><datafield tag="680" ind1=" " ind2=" "><subfield code="i">Scope Note: A rolling interconnecting spiral pattern in carvings.</subfield></datafield></record>