<record><leader>00000nz  a2200000n  4500</leader><controlfield tag="001">2632</controlfield><controlfield tag="003">NzReo</controlfield><controlfield tag="008">060607 n anznnbab|          || ana      </controlfield><datafield tag="040" ind1=" " ind2=" "><subfield code="a">Nz</subfield><subfield code="c">Nz</subfield><subfield code="f">reo</subfield></datafield><datafield tag="150" ind1=" " ind2=" "><subfield code="a">Pāniwhaniwha</subfield></datafield><datafield tag="450" ind1=" " ind2=" "><subfield code="a">Maomao, Pink</subfield></datafield><datafield tag="450" ind1=" " ind2=" "><subfield code="a">Pink maomao</subfield></datafield><datafield tag="550" ind1=" " ind2=" "><subfield code="w">g</subfield><subfield code="a">Ika moana</subfield></datafield><datafield tag="680" ind1=" " ind2=" "><subfield code="i">Whakamārama: He ika matatuhi, māwhero kita. He tohu karaka kei ngā tinana o ētahi. He iti noa iho te ūpoko engari he tino roroa ngā pakihau taha.</subfield></datafield><datafield tag="680" ind1=" " ind2=" "><subfield code="i">Scope Note: A large schooling fish of bright pink colour, sometimes with orange markings. The head is rather small but the pectoral fins are very long. The dorsal fin is very spiny. Caprodon longimanus.</subfield></datafield></record>