<record><leader>00000nz  a2200000n  4500</leader><controlfield tag="001">3375</controlfield><controlfield tag="003">NzReo</controlfield><controlfield tag="008">101221 n anznnbab|          || ana      </controlfield><datafield tag="040" ind1=" " ind2=" "><subfield code="a">Nz</subfield><subfield code="c">Nz</subfield><subfield code="f">reo</subfield></datafield><datafield tag="150" ind1=" " ind2=" "><subfield code="a">Pānuitanga mate</subfield></datafield><datafield tag="450" ind1=" " ind2=" "><subfield code="a">Death notices</subfield></datafield><datafield tag="550" ind1=" " ind2=" "><subfield code="a">Matenga</subfield></datafield><datafield tag="550" ind1=" " ind2=" "><subfield code="a">Tangihanga</subfield></datafield><datafield tag="550" ind1=" " ind2=" "><subfield code="w">g</subfield><subfield code="a">Maimai aroha</subfield></datafield><datafield tag="680" ind1=" " ind2=" "><subfield code="i">Whakamārama: He pānui o te tangihanga o tētahi ika kua tāngia e te whānau pani i te nūpepa.</subfield></datafield><datafield tag="680" ind1=" " ind2=" "><subfield code="i">Scope Note: Notices advising the death of a person placed in a newspaper by the bereaved family containing a few personal details. See also: Maimai aroha (Obituaries).</subfield></datafield></record>