<record><leader>00000nz  a2200000n  4500</leader><controlfield tag="001">3348</controlfield><controlfield tag="003">NzReo</controlfield><controlfield tag="008">101221 n anznnbab|          || ana      </controlfield><datafield tag="040" ind1=" " ind2=" "><subfield code="a">Nz</subfield><subfield code="c">Nz</subfield><subfield code="f">reo</subfield></datafield><datafield tag="150" ind1=" " ind2=" "><subfield code="a">Pānuitanga whakatairanga</subfield></datafield><datafield tag="450" ind1=" " ind2=" "><subfield code="a">Pānuitanga hoko</subfield></datafield><datafield tag="450" ind1=" " ind2=" "><subfield code="a">Advertisements</subfield></datafield><datafield tag="450" ind1=" " ind2=" "><subfield code="a">Advertising</subfield></datafield><datafield tag="450" ind1=" " ind2=" "><subfield code="a">Notices, Public</subfield></datafield><datafield tag="450" ind1=" " ind2=" "><subfield code="a">Public notices</subfield></datafield><datafield tag="550" ind1=" " ind2=" "><subfield code="a">Mahi hokohoko</subfield></datafield><datafield tag="550" ind1=" " ind2=" "><subfield code="w">g</subfield><subfield code="a">Ao pāpāho</subfield></datafield><datafield tag="550" ind1=" " ind2=" "><subfield code="w">g</subfield><subfield code="a">Pouaka whakaata</subfield></datafield><datafield tag="550" ind1=" " ind2=" "><subfield code="w">g</subfield><subfield code="a">Reo irirangi</subfield></datafield><datafield tag="680" ind1=" " ind2=" "><subfield code="i">Whakamārama: He pānui hei whakaatu i tētahi rawa, i tētahi ratonga ki te iwi whānui.</subfield></datafield><datafield tag="680" ind1=" " ind2=" "><subfield code="i">Scope Note: Public promotions of products or services; advertisements and public notices.</subfield></datafield></record>