<record><leader>00000nz  a2200000n  4500</leader><controlfield tag="001">735</controlfield><controlfield tag="003">NzReo</controlfield><controlfield tag="008">050825 n anznnbab|          || ana      </controlfield><datafield tag="040" ind1=" " ind2=" "><subfield code="a">Nz</subfield><subfield code="c">Nz</subfield><subfield code="f">reo</subfield></datafield><datafield tag="150" ind1=" " ind2=" "><subfield code="a">Pao</subfield></datafield><datafield tag="450" ind1=" " ind2=" "><subfield code="a">Ditties (Humourous)</subfield></datafield><datafield tag="550" ind1=" " ind2=" "><subfield code="a">Ruri</subfield></datafield><datafield tag="550" ind1=" " ind2=" "><subfield code="w">g</subfield><subfield code="a">Waiata koroua</subfield></datafield><datafield tag="550" ind1=" " ind2=" "><subfield code="w">g</subfield><subfield code="a">Whaikōrero</subfield></datafield><datafield tag="680" ind1=" " ind2=" "><subfield code="i">Whakamārama: He waiata pakupaku, katakata, ako i ngā tamariki.</subfield></datafield><datafield tag="680" ind1=" " ind2=" "><subfield code="i">Scope Note: A short poem, often sung and usually humorous.</subfield></datafield></record>