<record><leader>00000nz  a2200000n  4500</leader><controlfield tag="001">4891</controlfield><controlfield tag="003">NzReo</controlfield><controlfield tag="008">160531 n anznnbab|          || ana      </controlfield><datafield tag="040" ind1=" " ind2=" "><subfield code="a">Nz</subfield><subfield code="c">Nz</subfield><subfield code="f">reo</subfield></datafield><datafield tag="150" ind1=" " ind2=" "><subfield code="a">Pao mīere</subfield></datafield><datafield tag="550" ind1=" " ind2=" "><subfield code="w">g</subfield><subfield code="a">Hāhi Māori</subfield></datafield><datafield tag="680" ind1=" " ind2=" "><subfield code="i">Whakamārama: He hāhi, he wānanga Māori o roto o te Rohe Pōtae. </subfield></datafield><datafield tag="680" ind1=" " ind2=" "><subfield code="i">Scope Note: A Māori religious response to the opening up of the Rohe Pōtae (King Country).</subfield></datafield></record>