<record><leader>00000nz  a2200000n  4500</leader><controlfield tag="001">3753</controlfield><controlfield tag="003">NzReo</controlfield><controlfield tag="008">111207 n anznnbab|          || ana      </controlfield><datafield tag="040" ind1=" " ind2=" "><subfield code="a">Nz</subfield><subfield code="c">Nz</subfield><subfield code="f">reo</subfield></datafield><datafield tag="150" ind1=" " ind2=" "><subfield code="a">Pāpā</subfield></datafield><datafield tag="450" ind1=" " ind2=" "><subfield code="a">Hākoro</subfield></datafield><datafield tag="450" ind1=" " ind2=" "><subfield code="a">Matua</subfield></datafield><datafield tag="450" ind1=" " ind2=" "><subfield code="a">Matua kēkē</subfield></datafield><datafield tag="450" ind1=" " ind2=" "><subfield code="a">Fatherhood</subfield></datafield><datafield tag="450" ind1=" " ind2=" "><subfield code="a">Fathers</subfield></datafield><datafield tag="450" ind1=" " ind2=" "><subfield code="a">Uncles</subfield></datafield><datafield tag="550" ind1=" " ind2=" "><subfield code="a">Kaiako</subfield></datafield><datafield tag="550" ind1=" " ind2=" "><subfield code="a">Koroua</subfield></datafield><datafield tag="550" ind1=" " ind2=" "><subfield code="a">Mātua</subfield></datafield><datafield tag="550" ind1=" " ind2=" "><subfield code="w">g</subfield><subfield code="a">Whānau</subfield></datafield><datafield tag="680" ind1=" " ind2=" "><subfield code="i">Whakamārama: Te tane nāna i puta ai tētahi tamaiti ki te ao, nāna rānei ia i whakatipu.</subfield></datafield><datafield tag="680" ind1=" " ind2=" "><subfield code="i">Scope Note: Fathers and older male relatives, sometimes thought of as teachers. See also Koroua (Elderly men, Grandfathers).</subfield></datafield></record>