<record><leader>00000nz  a2200000n  4500</leader><controlfield tag="001">2475</controlfield><controlfield tag="003">NzReo</controlfield><controlfield tag="008">060531 n anznnbab|          || ana      </controlfield><datafield tag="040" ind1=" " ind2=" "><subfield code="a">Nz</subfield><subfield code="c">Nz</subfield><subfield code="f">reo</subfield></datafield><datafield tag="150" ind1=" " ind2=" "><subfield code="a">Papa whenua</subfield></datafield><datafield tag="450" ind1=" " ind2=" "><subfield code="a">Ā whenua</subfield></datafield><datafield tag="450" ind1=" " ind2=" "><subfield code="a">Mātai matawhenua</subfield></datafield><datafield tag="450" ind1=" " ind2=" "><subfield code="a">Takotoranga papa</subfield></datafield><datafield tag="450" ind1=" " ind2=" "><subfield code="a">Geography</subfield></datafield><datafield tag="550" ind1=" " ind2=" "><subfield code="a">Mahere whenua</subfield></datafield><datafield tag="550" ind1=" " ind2=" "><subfield code="w">g</subfield><subfield code="a">Pūtaiao</subfield></datafield></record>