<record><leader>00000nz  a2200000n  4500</leader><controlfield tag="001">2775</controlfield><controlfield tag="003">NzReo</controlfield><controlfield tag="008">071210 n anznnbab|          || ana      </controlfield><datafield tag="040" ind1=" " ind2=" "><subfield code="a">Nz</subfield><subfield code="c">Nz</subfield><subfield code="f">reo</subfield></datafield><datafield tag="150" ind1=" " ind2=" "><subfield code="a">Pāpāho</subfield></datafield><datafield tag="450" ind1=" " ind2=" "><subfield code="a">Pāho</subfield></datafield><datafield tag="450" ind1=" " ind2=" "><subfield code="a">Paoho</subfield></datafield><datafield tag="450" ind1=" " ind2=" "><subfield code="a">Pāoho</subfield></datafield><datafield tag="450" ind1=" " ind2=" "><subfield code="a">Whakapaoho</subfield></datafield><datafield tag="450" ind1=" " ind2=" "><subfield code="a">Mass media</subfield></datafield><datafield tag="550" ind1=" " ind2=" "><subfield code="a">Kōrero</subfield></datafield><datafield tag="550" ind1=" " ind2=" "><subfield code="w">h</subfield><subfield code="a">Ao pāpāho</subfield></datafield><datafield tag="550" ind1=" " ind2=" "><subfield code="w">h</subfield><subfield code="a">Kaipāho</subfield></datafield><datafield tag="550" ind1=" " ind2=" "><subfield code="w">h</subfield><subfield code="a">Kiriata</subfield></datafield><datafield tag="550" ind1=" " ind2=" "><subfield code="w">h</subfield><subfield code="a">Moheni</subfield></datafield><datafield tag="550" ind1=" " ind2=" "><subfield code="w">h</subfield><subfield code="a">Nūpepa</subfield></datafield><datafield tag="550" ind1=" " ind2=" "><subfield code="w">h</subfield><subfield code="a">Pae pāpāho pāpori</subfield></datafield><datafield tag="550" ind1=" " ind2=" "><subfield code="w">h</subfield><subfield code="a">Pakipūmeka</subfield></datafield><datafield tag="550" ind1=" " ind2=" "><subfield code="w">h</subfield><subfield code="a">Pouaka whakaata</subfield></datafield><datafield tag="550" ind1=" " ind2=" "><subfield code="w">h</subfield><subfield code="a">Reo irirangi</subfield></datafield><datafield tag="680" ind1=" " ind2=" "><subfield code="i">Whakamārama: Ka tuku kōrero mā te reo irirangi, te pouaka whakaata, te kiriata, te ipurangi, te ao pāpāho rānei.</subfield></datafield><datafield tag="680" ind1=" " ind2=" "><subfield code="i">Scope Note: Mass communication through the medium of radio, television, film, print, Internet and mass media. See also: Ao pāpāho/News media.</subfield></datafield></record>