<record><leader>00000nz  a2200000n  4500</leader><controlfield tag="001">1220</controlfield><controlfield tag="003">NzReo</controlfield><controlfield tag="008">060413 n anznnbab|          || ana      </controlfield><datafield tag="040" ind1=" " ind2=" "><subfield code="a">Nz</subfield><subfield code="c">Nz</subfield><subfield code="f">reo</subfield></datafield><datafield tag="150" ind1=" " ind2=" "><subfield code="a">Papaka</subfield></datafield><datafield tag="450" ind1=" " ind2=" "><subfield code="a">Skirting boards</subfield></datafield><datafield tag="550" ind1=" " ind2=" "><subfield code="w">g</subfield><subfield code="a">Whare whakairo</subfield></datafield><datafield tag="680" ind1=" " ind2=" "><subfield code="i">Whakamārama: He momo wahie te papaka kei raro iho i te wharepuni engari i runga i te papa kei waenganui hoki enei wahie i ngā poupou.</subfield></datafield><datafield tag="680" ind1=" " ind2=" "><subfield code="i">Scope Note: The horizontal narrow boards or skirting boards placed below the carved panels close to the floor of the meeting house.</subfield></datafield></record>