<record><leader>00000nz  a2200000n  4500</leader><controlfield tag="001">467</controlfield><controlfield tag="003">NzReo</controlfield><controlfield tag="008">050624 n anznnbab|          || ana      </controlfield><datafield tag="040" ind1=" " ind2=" "><subfield code="a">Nz</subfield><subfield code="c">Nz</subfield><subfield code="f">reo</subfield></datafield><datafield tag="150" ind1=" " ind2=" "><subfield code="a">Papakāinga</subfield></datafield><datafield tag="450" ind1=" " ind2=" "><subfield code="a">Papa kaīnga</subfield></datafield><datafield tag="450" ind1=" " ind2=" "><subfield code="a">Ancestral dwellings</subfield></datafield><datafield tag="450" ind1=" " ind2=" "><subfield code="a">Dwellings, Ancestral</subfield></datafield><datafield tag="550" ind1=" " ind2=" "><subfield code="a">Ahi kā</subfield></datafield><datafield tag="550" ind1=" " ind2=" "><subfield code="a">Kaitiakitanga</subfield></datafield><datafield tag="550" ind1=" " ind2=" "><subfield code="a">Mana whenua</subfield></datafield><datafield tag="550" ind1=" " ind2=" "><subfield code="a">Tūrangawaewae</subfield></datafield><datafield tag="550" ind1=" " ind2=" "><subfield code="a">Whaipara tangata</subfield></datafield><datafield tag="550" ind1=" " ind2=" "><subfield code="a">Whare noho</subfield></datafield><datafield tag="550" ind1=" " ind2=" "><subfield code="a">Whenua tupuna</subfield></datafield><datafield tag="550" ind1=" " ind2=" "><subfield code="w">g</subfield><subfield code="a">Pā</subfield></datafield><datafield tag="550" ind1=" " ind2=" "><subfield code="w">h</subfield><subfield code="a">Marae</subfield></datafield><datafield tag="550" ind1=" " ind2=" "><subfield code="w">h</subfield><subfield code="a">Whare</subfield></datafield><datafield tag="680" ind1=" " ind2=" "><subfield code="i">Whakamārama: Ko te papa hei kāinga mo te mana whenua.</subfield></datafield><datafield tag="680" ind1=" " ind2=" "><subfield code="i">Scope Note: A settlement or village built on land, which the people dwelling there are related to.</subfield></datafield></record>