<record><leader>00000nz  a2200000n  4500</leader><controlfield tag="001">3827</controlfield><controlfield tag="003">NzReo</controlfield><controlfield tag="008">111215 n anznnbab|          || ana      </controlfield><datafield tag="040" ind1=" " ind2=" "><subfield code="a">Nz</subfield><subfield code="c">Nz</subfield><subfield code="f">reo</subfield></datafield><datafield tag="150" ind1=" " ind2=" "><subfield code="a">Papakupu</subfield></datafield><datafield tag="450" ind1=" " ind2=" "><subfield code="a">Pukapuka taki kupu</subfield></datafield><datafield tag="450" ind1=" " ind2=" "><subfield code="a">Pukapuka whakamārama</subfield></datafield><datafield tag="450" ind1=" " ind2=" "><subfield code="a">Tikinare</subfield></datafield><datafield tag="450" ind1=" " ind2=" "><subfield code="a">Dictionaries</subfield></datafield><datafield tag="550" ind1=" " ind2=" "><subfield code="a">Tuhinga kōrero</subfield></datafield><datafield tag="550" ind1=" " ind2=" "><subfield code="w">g</subfield><subfield code="a">Reo Māori</subfield></datafield><datafield tag="680" ind1=" " ind2=" "><subfield code="i">Whakamārama: Ko te papakupu he pukapuka whakamārama i te tikanga o ngā kupu.</subfield></datafield><datafield tag="680" ind1=" " ind2=" "><subfield code="i">Scope Note: Can be used for examples of dictionaries or for works about dictionaries.</subfield></datafield></record>