<record><leader>00000nz  a2200000n  4500</leader><controlfield tag="001">447</controlfield><controlfield tag="003">NzReo</controlfield><controlfield tag="008">050624 n anznnbab|          || ana      </controlfield><datafield tag="040" ind1=" " ind2=" "><subfield code="a">Nz</subfield><subfield code="c">Nz</subfield><subfield code="f">reo</subfield></datafield><datafield tag="150" ind1=" " ind2=" "><subfield code="a">Papatūānuku</subfield></datafield><datafield tag="450" ind1=" " ind2=" "><subfield code="a">Earth mother</subfield></datafield><datafield tag="550" ind1=" " ind2=" "><subfield code="a">Mātauranga mahere whenua</subfield></datafield><datafield tag="550" ind1=" " ind2=" "><subfield code="a">Maunga</subfield></datafield><datafield tag="550" ind1=" " ind2=" "><subfield code="a">Ōrokohanga o te ao</subfield></datafield><datafield tag="550" ind1=" " ind2=" "><subfield code="a">Pūngao ngāwhā</subfield></datafield><datafield tag="550" ind1=" " ind2=" "><subfield code="a">Rū whenua</subfield></datafield><datafield tag="550" ind1=" " ind2=" "><subfield code="a">Wai</subfield></datafield><datafield tag="550" ind1=" " ind2=" "><subfield code="a">Whenua</subfield></datafield><datafield tag="550" ind1=" " ind2=" "><subfield code="a">Whenua (Wāhine)</subfield></datafield><datafield tag="550" ind1=" " ind2=" "><subfield code="w">g</subfield><subfield code="a">Atua</subfield></datafield><datafield tag="550" ind1=" " ind2=" "><subfield code="w">h</subfield><subfield code="a">Rongomatāne</subfield></datafield><datafield tag="680" ind1=" " ind2=" "><subfield code="i">Whakamārama: Ūkaipō.</subfield></datafield><datafield tag="680" ind1=" " ind2=" "><subfield code="i">Scope Note: Earth mother.</subfield></datafield></record>