<record><leader>00000nz  a2200000n  4500</leader><controlfield tag="001">1973</controlfield><controlfield tag="003">NzReo</controlfield><controlfield tag="008">060524 n anznnbab|          || ana      </controlfield><datafield tag="040" ind1=" " ind2=" "><subfield code="a">Nz</subfield><subfield code="c">Nz</subfield><subfield code="f">reo</subfield></datafield><datafield tag="150" ind1=" " ind2=" "><subfield code="a">Parapara</subfield></datafield><datafield tag="450" ind1=" " ind2=" "><subfield code="a">Birdcatching trees</subfield></datafield><datafield tag="450" ind1=" " ind2=" "><subfield code="a">Trees, Birdcatching</subfield></datafield><datafield tag="550" ind1=" " ind2=" "><subfield code="w">g</subfield><subfield code="a">Rākau whakaruruhau</subfield></datafield><datafield tag="680" ind1=" " ind2=" "><subfield code="i">Whakamārama: He rākau ririki, he ngitangita ngā hua, ka maumau ngā manu itiiti i te hāpiapia.</subfield></datafield><datafield tag="680" ind1=" " ind2=" "><subfield code="i">Scope Note: A small tree with large leaves bearing sticky masses of fruit which often entrap small birds. Pisonia brunoniana.</subfield></datafield></record>