<record><leader>00000nz  a2200000n  4500</leader><controlfield tag="001">1411</controlfield><controlfield tag="003">NzReo</controlfield><controlfield tag="008">060511 n anznnbab|          || ana      </controlfield><datafield tag="040" ind1=" " ind2=" "><subfield code="a">Nz</subfield><subfield code="c">Nz</subfield><subfield code="f">reo</subfield></datafield><datafield tag="150" ind1=" " ind2=" "><subfield code="a">Pararā</subfield></datafield><datafield tag="450" ind1=" " ind2=" "><subfield code="a">Pekehā</subfield></datafield><datafield tag="450" ind1=" " ind2=" "><subfield code="a">Broad-billed prions</subfield></datafield><datafield tag="450" ind1=" " ind2=" "><subfield code="a">Prions, Broad-billed</subfield></datafield><datafield tag="550" ind1=" " ind2=" "><subfield code="w">g</subfield><subfield code="a">Manu moana</subfield></datafield><datafield tag="680" ind1=" " ind2=" "><subfield code="i">Whakamārama: He manu nō te aumoana, he ōrangi-hina te tuarā, he mā te poho. He rite ki te tītī wainui engari he rahi ake.</subfield></datafield><datafield tag="680" ind1=" " ind2=" "><subfield code="i">Scope Note: A seabird with grey/blue plumage above and white below, similar to the tītī wainui/fairy prion but larger. Pachyptila vittata.</subfield></datafield></record>