<record><leader>00000nz  a2200000n  4500</leader><controlfield tag="001">696</controlfield><controlfield tag="003">NzReo</controlfield><controlfield tag="008">050719 n anznnbab|          || ana      </controlfield><datafield tag="040" ind1=" " ind2=" "><subfield code="a">Nz</subfield><subfield code="c">Nz</subfield><subfield code="f">reo</subfield></datafield><datafield tag="150" ind1=" " ind2=" "><subfield code="a">Pāremata</subfield></datafield><datafield tag="450" ind1=" " ind2=" "><subfield code="a">Pāremete</subfield></datafield><datafield tag="450" ind1=" " ind2=" "><subfield code="a">Parliament</subfield></datafield><datafield tag="550" ind1=" " ind2=" "><subfield code="a">Kaitōrangapū</subfield></datafield><datafield tag="550" ind1=" " ind2=" "><subfield code="a">Kōwhiringa pōti</subfield></datafield><datafield tag="550" ind1=" " ind2=" "><subfield code="a">Pōtitanga</subfield></datafield><datafield tag="550" ind1=" " ind2=" "><subfield code="a">Pōtitanga ohorere Pāremata</subfield></datafield><datafield tag="550" ind1=" " ind2=" "><subfield code="a">Rōpū tōrangapū</subfield></datafield><datafield tag="550" ind1=" " ind2=" "><subfield code="a">Tiriti o Waitangi</subfield></datafield><datafield tag="550" ind1=" " ind2=" "><subfield code="a">Ture</subfield></datafield><datafield tag="550" ind1=" " ind2=" "><subfield code="w">g</subfield><subfield code="a">Kāwanatanga</subfield></datafield><datafield tag="550" ind1=" " ind2=" "><subfield code="w">h</subfield><subfield code="a">Mema Pāremata</subfield></datafield><datafield tag="680" ind1=" " ind2=" "><subfield code="i">Whakamārama: Te wāhanga o te kāwanatanga koia kei te hanga i ngā ture.</subfield></datafield><datafield tag="680" ind1=" " ind2=" "><subfield code="i">Scope Note: Parliament, legislative body of government.</subfield></datafield></record>