<record><leader>00000nz  a2200000n  4500</leader><controlfield tag="001">1531</controlfield><controlfield tag="003">NzReo</controlfield><controlfield tag="008">060511 n anznnbab|          || ana      </controlfield><datafield tag="040" ind1=" " ind2=" "><subfield code="a">Nz</subfield><subfield code="c">Nz</subfield><subfield code="f">reo</subfield></datafield><datafield tag="150" ind1=" " ind2=" "><subfield code="a">Pārera</subfield></datafield><datafield tag="450" ind1=" " ind2=" "><subfield code="a">Parera</subfield></datafield><datafield tag="450" ind1=" " ind2=" "><subfield code="a">Ducks, Grey</subfield></datafield><datafield tag="450" ind1=" " ind2=" "><subfield code="a">Grey ducks</subfield></datafield><datafield tag="550" ind1=" " ind2=" "><subfield code="w">g</subfield><subfield code="a">Manu waimāori</subfield></datafield><datafield tag="680" ind1=" " ind2=" "><subfield code="i">Whakamārama: He rakiraki hāura, kōtiwhatiwha. Ko tōna tohu ko te mā o te kanohi, me te tāhei pango o te karu.</subfield></datafield><datafield tag="680" ind1=" " ind2=" "><subfield code="i">Scope Note: A duck with mottled brown plumage distinguished by a white face with a dark stripe across the eye. Anas superciliosa.</subfield></datafield></record>