<record><leader>00000nz  a2200000n  4500</leader><controlfield tag="001">2676</controlfield><controlfield tag="003">NzReo</controlfield><controlfield tag="008">060607 n anznnbab|          || ana      </controlfield><datafield tag="040" ind1=" " ind2=" "><subfield code="a">Nz</subfield><subfield code="c">Nz</subfield><subfield code="f">reo</subfield></datafield><datafield tag="150" ind1=" " ind2=" "><subfield code="a">Parore</subfield></datafield><datafield tag="450" ind1=" " ind2=" "><subfield code="a">Kopīpiro</subfield></datafield><datafield tag="450" ind1=" " ind2=" "><subfield code="a">Ngaōheohe</subfield></datafield><datafield tag="450" ind1=" " ind2=" "><subfield code="a">Parakoka</subfield></datafield><datafield tag="450" ind1=" " ind2=" "><subfield code="a">Black breams</subfield></datafield><datafield tag="450" ind1=" " ind2=" "><subfield code="a">Breams, Black</subfield></datafield><datafield tag="450" ind1=" " ind2=" "><subfield code="a">Fishes, Mangrove</subfield></datafield><datafield tag="450" ind1=" " ind2=" "><subfield code="a">Mangrove fishes</subfield></datafield><datafield tag="550" ind1=" " ind2=" "><subfield code="w">g</subfield><subfield code="a">Ika waitai</subfield></datafield><datafield tag="680" ind1=" " ind2=" "><subfield code="i">Whakamārama: He ika ririki, he hina kākonu, he tāhekeheke whāiti kei te tinana.</subfield></datafield><datafield tag="680" ind1=" " ind2=" "><subfield code="i">Scope Note: A small silver grey fish with narrow vertical bands. Girella tricuspidata.</subfield></datafield></record>