<record><leader>00000nz  a2200000n  4500</leader><controlfield tag="001">3225</controlfield><controlfield tag="003">NzReo</controlfield><controlfield tag="008">101019 n anznnbab|          || ana      </controlfield><datafield tag="040" ind1=" " ind2=" "><subfield code="a">Nz</subfield><subfield code="c">Nz</subfield><subfield code="f">reo</subfield></datafield><datafield tag="150" ind1=" " ind2=" "><subfield code="a">Pārurenga</subfield></datafield><datafield tag="450" ind1=" " ind2=" "><subfield code="a">Marurenga</subfield></datafield><datafield tag="450" ind1=" " ind2=" "><subfield code="a">Mārurenga</subfield></datafield><datafield tag="450" ind1=" " ind2=" "><subfield code="a">Ngohi</subfield></datafield><datafield tag="450" ind1=" " ind2=" "><subfield code="a">Patunga</subfield></datafield><datafield tag="450" ind1=" " ind2=" "><subfield code="a">Victims</subfield></datafield><datafield tag="450" ind1=" " ind2=" "><subfield code="a">Victims of crime</subfield></datafield><datafield tag="450" ind1=" " ind2=" "><subfield code="a">Victims of violence</subfield></datafield><datafield tag="550" ind1=" " ind2=" "><subfield code="a">Mātauranga haratūtanga</subfield></datafield><datafield tag="550" ind1=" " ind2=" "><subfield code="w">g</subfield><subfield code="a">Hara</subfield></datafield><datafield tag="550" ind1=" " ind2=" "><subfield code="w">g</subfield><subfield code="a">Muru</subfield></datafield><datafield tag="550" ind1=" " ind2=" "><subfield code="w">g</subfield><subfield code="a">Tūkinotanga</subfield></datafield><datafield tag="680" ind1=" " ind2=" "><subfield code="i">Whakamārama: He tangata e patupatua ana, e tūkinotia ana, kua murua rānei ana taonga, tana kāinga e tētahi atu.</subfield></datafield><datafield tag="680" ind1=" " ind2=" "><subfield code="i">Scope Note: Any aggrieved person subjected to violence, ill treatment or wrongful dispossession of lands and properties by another party.</subfield></datafield></record>