<record><leader>00000nz  a2200000n  4500</leader><controlfield tag="001">2044</controlfield><controlfield tag="003">NzReo</controlfield><controlfield tag="008">060524 n anznnbab|          || ana      </controlfield><datafield tag="040" ind1=" " ind2=" "><subfield code="a">Nz</subfield><subfield code="c">Nz</subfield><subfield code="f">reo</subfield></datafield><datafield tag="150" ind1=" " ind2=" "><subfield code="a">Pate</subfield></datafield><datafield tag="450" ind1=" " ind2=" "><subfield code="a">Kōtētē</subfield></datafield><datafield tag="450" ind1=" " ind2=" "><subfield code="a">Patetē</subfield></datafield><datafield tag="450" ind1=" " ind2=" "><subfield code="a">Seven-fingers (Plants)</subfield></datafield><datafield tag="550" ind1=" " ind2=" "><subfield code="w">g</subfield><subfield code="a">Rākau whakauru</subfield></datafield><datafield tag="680" ind1=" " ind2=" "><subfield code="i">Whakamārama: He momo rākau, rarahi ngā tawhera, tae ana ki te iwa ngā tawheraiti. Kei ngā wāhi mākūkū, marumaru e tupu ana.</subfield></datafield><datafield tag="680" ind1=" " ind2=" "><subfield code="i">Scope Note: A tree with large compound leaves with up to nine leaflets each. It likes damp and shade. Schefflera digitata.</subfield></datafield></record>