<record><leader>00000nz  a2200000n  4500</leader><controlfield tag="001">1535</controlfield><controlfield tag="003">NzReo</controlfield><controlfield tag="008">060511 n anznnbab|          || ana      </controlfield><datafield tag="040" ind1=" " ind2=" "><subfield code="a">Nz</subfield><subfield code="c">Nz</subfield><subfield code="f">reo</subfield></datafield><datafield tag="150" ind1=" " ind2=" "><subfield code="a">Pāteke</subfield></datafield><datafield tag="450" ind1=" " ind2=" "><subfield code="a">Brown ducks</subfield></datafield><datafield tag="450" ind1=" " ind2=" "><subfield code="a">Ducks, Brown</subfield></datafield><datafield tag="550" ind1=" " ind2=" "><subfield code="w">g</subfield><subfield code="a">Manu waimāori</subfield></datafield><datafield tag="680" ind1=" " ind2=" "><subfield code="i">Whakamārama: He rakiraki iti, he hāura ngā huruhuru, he āhua rite ki te pārera. Ko te māhunga o te tame he porouri, he kāriki whakaataata hoki.</subfield></datafield><datafield tag="680" ind1=" " ind2=" "><subfield code="i">Scope Note: A small duck with brown feathers, rather like a mallard. The head of the male is dark brown with green reflections. Anas aucklandica chlorotis.</subfield></datafield></record>