<record><leader>00000nz  a2200000n  4500</leader><controlfield tag="001">731</controlfield><controlfield tag="003">NzReo</controlfield><controlfield tag="008">050825 n anznnbab|          || ana      </controlfield><datafield tag="040" ind1=" " ind2=" "><subfield code="a">Nz</subfield><subfield code="c">Nz</subfield><subfield code="f">reo</subfield></datafield><datafield tag="150" ind1=" " ind2=" "><subfield code="a">Pātere</subfield></datafield><datafield tag="450" ind1=" " ind2=" "><subfield code="a">Abusive songs</subfield></datafield><datafield tag="450" ind1=" " ind2=" "><subfield code="a">Songs, Abusive</subfield></datafield><datafield tag="550" ind1=" " ind2=" "><subfield code="a">Kaioraora</subfield></datafield><datafield tag="550" ind1=" " ind2=" "><subfield code="w">g</subfield><subfield code="a">Waiata koroua</subfield></datafield><datafield tag="680" ind1=" " ind2=" "><subfield code="i">Whakamārama: He waiata taititotito, i takea i ngā kōrero hahani, i te kanga, i te kai-ūpoko rānei.</subfield></datafield><datafield tag="680" ind1=" " ind2=" "><subfield code="i">Scope Note: Abusive and derogatory songs.</subfield></datafield></record>