<record><leader>00000nz  a2200000n  4500</leader><controlfield tag="001">1269</controlfield><controlfield tag="003">NzReo</controlfield><controlfield tag="008">060503 n anznnbab|          || ana      </controlfield><datafield tag="040" ind1=" " ind2=" "><subfield code="a">Nz</subfield><subfield code="c">Nz</subfield><subfield code="f">reo</subfield></datafield><datafield tag="150" ind1=" " ind2=" "><subfield code="a">Pātiki</subfield></datafield><datafield tag="450" ind1=" " ind2=" "><subfield code="a">Mohoao</subfield></datafield><datafield tag="450" ind1=" " ind2=" "><subfield code="a">Flounders, Sand</subfield></datafield><datafield tag="450" ind1=" " ind2=" "><subfield code="a">Sand flounders</subfield></datafield><datafield tag="550" ind1=" " ind2=" "><subfield code="a">Tāmure</subfield></datafield><datafield tag="550" ind1=" " ind2=" "><subfield code="w">g</subfield><subfield code="a">Ika o ngā ngutu awa</subfield></datafield><datafield tag="550" ind1=" " ind2=" "><subfield code="w">g</subfield><subfield code="a">Ika waitai</subfield></datafield><datafield tag="680" ind1=" " ind2=" "><subfield code="i">Whakamārama: Ko te pātiki he ika noho moana, noho awa rānei, he papa, he porohita te āhua o te hanga o te tinana.</subfield></datafield><datafield tag="680" ind1=" " ind2=" "><subfield code="i">Scope Note: A diamond shaped flounder, mottled green/brown above and white below. Rhombosolea plebeia. Not to be used for general works covering many species of flounder.</subfield></datafield></record>