<record><leader>00000nz  a2200000n  4500</leader><controlfield tag="001">1694</controlfield><controlfield tag="003">NzReo</controlfield><controlfield tag="008">060524 n anznnbab|          || ana      </controlfield><datafield tag="040" ind1=" " ind2=" "><subfield code="a">Nz</subfield><subfield code="c">Nz</subfield><subfield code="f">reo</subfield></datafield><datafield tag="150" ind1=" " ind2=" "><subfield code="a">Pātōtara</subfield></datafield><datafield tag="450" ind1=" " ind2=" "><subfield code="a">Oranges, Māori</subfield></datafield><datafield tag="550" ind1=" " ind2=" "><subfield code="w">g</subfield><subfield code="a">Otaota</subfield></datafield><datafield tag="680" ind1=" " ind2=" "><subfield code="i">Whakamārama: He otaota rārāpiri, he tūtū ngā rau. Ko te hua he ririki, he karaka, he reka.</subfield></datafield><datafield tag="680" ind1=" " ind2=" "><subfield code="i">Scope Note: A small creeping plant with prickly leaves and a small sweet orange berry. Styphelia nesophila.</subfield></datafield></record>