<record><leader>00000nz  a2200000n  4500</leader><controlfield tag="001">2330</controlfield><controlfield tag="003">NzReo</controlfield><controlfield tag="008">060531 n anznnbab|          || ana      </controlfield><datafield tag="040" ind1=" " ind2=" "><subfield code="a">Nz</subfield><subfield code="c">Nz</subfield><subfield code="f">reo</subfield></datafield><datafield tag="150" ind1=" " ind2=" "><subfield code="a">Patu</subfield></datafield><datafield tag="450" ind1=" " ind2=" "><subfield code="a">Patu poto</subfield></datafield><datafield tag="450" ind1=" " ind2=" "><subfield code="a">Clubs, Hand</subfield></datafield><datafield tag="450" ind1=" " ind2=" "><subfield code="a">Hand clubs</subfield></datafield><datafield tag="550" ind1=" " ind2=" "><subfield code="a">Mau patu</subfield></datafield><datafield tag="550" ind1=" " ind2=" "><subfield code="a">Mere</subfield></datafield><datafield tag="550" ind1=" " ind2=" "><subfield code="w">g</subfield><subfield code="a">Rākau ā Tū</subfield></datafield><datafield tag="550" ind1=" " ind2=" "><subfield code="w">h</subfield><subfield code="a">Patu onewa</subfield></datafield><datafield tag="550" ind1=" " ind2=" "><subfield code="w">h</subfield><subfield code="a">Patu parāoa</subfield></datafield><datafield tag="680" ind1=" " ind2=" "><subfield code="i">Whakamārama: He rākau nā Tū. I tāraia ki te kōhatu, ki te paiore, ki te parāoa rānei. He patu anō hei pehu aruhe, hei whakangāwari muka.</subfield></datafield><datafield tag="680" ind1=" " ind2=" "><subfield code="i">Scope Note: A short club used as a weapon, made of stone, wood or bone. Other patu are used to soften fernroot and flax fibre.</subfield></datafield></record>