<record><leader>00000nz  a2200000n  4500</leader><controlfield tag="001">2366</controlfield><controlfield tag="003">NzReo</controlfield><controlfield tag="008">060531 n anznnbab|          || ana      </controlfield><datafield tag="040" ind1=" " ind2=" "><subfield code="a">Nz</subfield><subfield code="c">Nz</subfield><subfield code="f">reo</subfield></datafield><datafield tag="150" ind1=" " ind2=" "><subfield code="a">Patu onewa</subfield></datafield><datafield tag="450" ind1=" " ind2=" "><subfield code="a">Hand clubs, Stone</subfield></datafield><datafield tag="450" ind1=" " ind2=" "><subfield code="a">Stone hand clubs</subfield></datafield><datafield tag="550" ind1=" " ind2=" "><subfield code="w">g</subfield><subfield code="a">Patu</subfield></datafield><datafield tag="680" ind1=" " ind2=" "><subfield code="i">Whakamārama: He patu i tāraia ki te ōnewa.</subfield></datafield><datafield tag="680" ind1=" " ind2=" "><subfield code="i">Scope Note: A patu made from the stone ōnewa/basalt.</subfield></datafield></record>