<record><leader>00000nz  a2200000n  4500</leader><controlfield tag="001">2331</controlfield><controlfield tag="003">NzReo</controlfield><controlfield tag="008">060531 n anznnbab|          || ana      </controlfield><datafield tag="040" ind1=" " ind2=" "><subfield code="a">Nz</subfield><subfield code="c">Nz</subfield><subfield code="f">reo</subfield></datafield><datafield tag="150" ind1=" " ind2=" "><subfield code="a">Pātuki</subfield></datafield><datafield tag="450" ind1=" " ind2=" "><subfield code="a">Clubs, Hand</subfield></datafield><datafield tag="450" ind1=" " ind2=" "><subfield code="a">Hand clubs</subfield></datafield><datafield tag="550" ind1=" " ind2=" "><subfield code="w">g</subfield><subfield code="a">Rākau ā Tū</subfield></datafield><datafield tag="680" ind1=" " ind2=" "><subfield code="i">Whakamārama: He rākau nā Tū, he patu tapawhā.</subfield></datafield><datafield tag="680" ind1=" " ind2=" "><subfield code="i">Scope Note: A wooden hand weapon with a ridge down the blade. Single-handed weapon that was designed to be used with a downward clubbing stroke.</subfield></datafield></record>