<record><leader>00000nz  a2200000n  4500</leader><controlfield tag="001">3734</controlfield><controlfield tag="003">NzReo</controlfield><controlfield tag="008">111207 n anznnbab|          || ana      </controlfield><datafield tag="040" ind1=" " ind2=" "><subfield code="a">Nz</subfield><subfield code="c">Nz</subfield><subfield code="f">reo</subfield></datafield><datafield tag="150" ind1=" " ind2=" "><subfield code="a">Patupaiarehe</subfield></datafield><datafield tag="450" ind1=" " ind2=" "><subfield code="a">Korakorako</subfield></datafield><datafield tag="450" ind1=" " ind2=" "><subfield code="a">Kura</subfield></datafield><datafield tag="450" ind1=" " ind2=" "><subfield code="a">Maeroero</subfield></datafield><datafield tag="450" ind1=" " ind2=" "><subfield code="a">Pakepakehā</subfield></datafield><datafield tag="450" ind1=" " ind2=" "><subfield code="a">Tahurangi</subfield></datafield><datafield tag="450" ind1=" " ind2=" "><subfield code="a">Taipō</subfield></datafield><datafield tag="450" ind1=" " ind2=" "><subfield code="a">Tūrehu</subfield></datafield><datafield tag="450" ind1=" " ind2=" "><subfield code="a">Fairies</subfield></datafield><datafield tag="450" ind1=" " ind2=" "><subfield code="a">Fairy folk</subfield></datafield><datafield tag="550" ind1=" " ind2=" "><subfield code="a">Kōauau</subfield></datafield><datafield tag="550" ind1=" " ind2=" "><subfield code="a">Kupenga</subfield></datafield><datafield tag="550" ind1=" " ind2=" "><subfield code="a">Ponaturi</subfield></datafield><datafield tag="550" ind1=" " ind2=" "><subfield code="a">Pūtōrino</subfield></datafield><datafield tag="550" ind1=" " ind2=" "><subfield code="w">g</subfield><subfield code="a">Ao wairua</subfield></datafield><datafield tag="680" ind1=" " ind2=" "><subfield code="i">Whakamārama: He ope wairua ko te karahiwi, ko te tihi maunga rānei tōna kāinga, he kiritea, he urukehu, he iwi tino tapu. Kia tau mai te kohu, ka rangona e kōrerorero ana, e waiata ana, e whakatangi kōauau ana, e aha ana hoki.</subfield></datafield><datafield tag="680" ind1=" " ind2=" "><subfield code="i">Scope Note: The fairy-like creatures of the forests and mountain tops who are regarded as supernatural beings. They have light coloured skin and red or fair hair and are considered highly tapu. They can be heard talking, singing, and playing musical flutes as they are active at night time and when the mist is heavy enough to shield them from the light.</subfield></datafield></record>