<record><leader>00000nz  a2200000n  4500</leader><controlfield tag="001">2235</controlfield><controlfield tag="003">NzReo</controlfield><controlfield tag="008">060531 n anznnbab|          || ana      </controlfield><datafield tag="040" ind1=" " ind2=" "><subfield code="a">Nz</subfield><subfield code="c">Nz</subfield><subfield code="f">reo</subfield></datafield><datafield tag="150" ind1=" " ind2=" "><subfield code="a">Pāwaha</subfield></datafield><datafield tag="450" ind1=" " ind2=" "><subfield code="a">Tattoos, Facial</subfield></datafield><datafield tag="550" ind1=" " ind2=" "><subfield code="w">g</subfield><subfield code="a">Tā moko (Tā ngira)</subfield></datafield><datafield tag="550" ind1=" " ind2=" "><subfield code="w">g</subfield><subfield code="a">Tā moko (Uhi)</subfield></datafield><datafield tag="680" ind1=" " ind2=" "><subfield code="i">Whakamārama: Ko ngā tā moko ēnei e heke iho ki te kauwae.</subfield></datafield><datafield tag="680" ind1=" " ind2=" "><subfield code="i">Scope Note: These tattoos curve in under the chin.</subfield></datafield></record>