<record><leader>00000nz  a2200000n  4500</leader><controlfield tag="001">1761</controlfield><controlfield tag="003">NzReo</controlfield><controlfield tag="008">060524 n anznnbab|          || ana      </controlfield><datafield tag="040" ind1=" " ind2=" "><subfield code="a">Nz</subfield><subfield code="c">Nz</subfield><subfield code="f">reo</subfield></datafield><datafield tag="150" ind1=" " ind2=" "><subfield code="a">Peka ā waka</subfield></datafield><datafield tag="450" ind1=" " ind2=" "><subfield code="a">Bamboo orchids</subfield></datafield><datafield tag="450" ind1=" " ind2=" "><subfield code="a">Orchids, Bamboo</subfield></datafield><datafield tag="550" ind1=" " ind2=" "><subfield code="w">g</subfield><subfield code="a">Otaota hāwere</subfield></datafield><datafield tag="680" ind1=" " ind2=" "><subfield code="i">Whakamārama: He otaota rārāpiri ki te kiri o te rākau. He rite ki te pātītī ngā raurau. Hei te koanga ka puta ngā pua ririki, kaho.</subfield></datafield><datafield tag="680" ind1=" " ind2=" "><subfield code="i">Scope Note: An epiphytic orchid with matted roots creeping on bark. It has grassy leaves and stems with small yellow flowers in Spring. Earina mucronata.</subfield></datafield></record>