<record><leader>00000nz  a2200000n  4500</leader><controlfield tag="001">1286</controlfield><controlfield tag="003">NzReo</controlfield><controlfield tag="008">060503 n anznnbab|          || ana      </controlfield><datafield tag="040" ind1=" " ind2=" "><subfield code="a">Nz</subfield><subfield code="c">Nz</subfield><subfield code="f">reo</subfield></datafield><datafield tag="150" ind1=" " ind2=" "><subfield code="a">Pekapeka (Whakakai)</subfield></datafield><datafield tag="450" ind1=" " ind2=" "><subfield code="a">Adornments (Bats)</subfield></datafield><datafield tag="450" ind1=" " ind2=" "><subfield code="a">Jewellery (Bats)</subfield></datafield><datafield tag="550" ind1=" " ind2=" "><subfield code="a">Pounamu</subfield></datafield><datafield tag="550" ind1=" " ind2=" "><subfield code="w">g</subfield><subfield code="a">Whakakai</subfield></datafield><datafield tag="680" ind1=" " ind2=" "><subfield code="i">Whakamārama: He momo whakakai tēnei hanga mai i te pounamu engari ko tana āhua, e ōrite ana ki te kararehe, te pekapeka.</subfield></datafield><datafield tag="680" ind1=" " ind2=" "><subfield code="i">Scope Note: An ornamental adornment resembling the small native bat which it is named after. Usually made of greenstone.</subfield></datafield></record>