<record><leader>00000nz  a2200000n  4500</leader><controlfield tag="001">3598</controlfield><controlfield tag="003">NzReo</controlfield><controlfield tag="008">110603 n anznnbab|          || ana      </controlfield><datafield tag="040" ind1=" " ind2=" "><subfield code="a">Nz</subfield><subfield code="c">Nz</subfield><subfield code="f">reo</subfield></datafield><datafield tag="150" ind1=" " ind2=" "><subfield code="a">Pēke</subfield></datafield><datafield tag="450" ind1=" " ind2=" "><subfield code="a">Whare pūtea</subfield></datafield><datafield tag="450" ind1=" " ind2=" "><subfield code="a">Whare tiaki moni</subfield></datafield><datafield tag="450" ind1=" " ind2=" "><subfield code="a">Banking</subfield></datafield><datafield tag="450" ind1=" " ind2=" "><subfield code="a">Banks</subfield></datafield><datafield tag="550" ind1=" " ind2=" "><subfield code="a">Ōhanga</subfield></datafield><datafield tag="550" ind1=" " ind2=" "><subfield code="w">g</subfield><subfield code="a">Pūtea</subfield></datafield><datafield tag="680" ind1=" " ind2=" "><subfield code="i">Whakamārama: Ko te pēke te whare tiaki moni.</subfield></datafield><datafield tag="680" ind1=" " ind2=" "><subfield code="i">Scope Note: Financial banks.</subfield></datafield></record>