<record><leader>00000nz  a2200000n  4500</leader><controlfield tag="001">2905</controlfield><controlfield tag="003">NzReo</controlfield><controlfield tag="008">091106 n anznnbab|          || ana      </controlfield><datafield tag="040" ind1=" " ind2=" "><subfield code="a">Nz</subfield><subfield code="c">Nz</subfield><subfield code="f">reo</subfield></datafield><datafield tag="150" ind1=" " ind2=" "><subfield code="a">Pēpē</subfield></datafield><datafield tag="450" ind1=" " ind2=" "><subfield code="a">Pēpi</subfield></datafield><datafield tag="450" ind1=" " ind2=" "><subfield code="a">Piripoho</subfield></datafield><datafield tag="450" ind1=" " ind2=" "><subfield code="a">Babies</subfield></datafield><datafield tag="550" ind1=" " ind2=" "><subfield code="a">Kōhanga reo</subfield></datafield><datafield tag="550" ind1=" " ind2=" "><subfield code="a">Tamariki nohinohi</subfield></datafield><datafield tag="550" ind1=" " ind2=" "><subfield code="w">g</subfield><subfield code="a">Whānau</subfield></datafield><datafield tag="680" ind1=" " ind2=" "><subfield code="i">Whakamārama: He tamaiti i ōna tau tuatahi ki tēnei ao, he tamaiti tino nohinohi.</subfield></datafield><datafield tag="680" ind1=" " ind2=" "><subfield code="i">Scope Note: Very young children in their first year of birth, or babies. See also: Tamariki nohinohi (Toddlers)</subfield></datafield></record>