<record><leader>00000nz  a2200000n  4500</leader><controlfield tag="001">1148</controlfield><controlfield tag="003">NzReo</controlfield><controlfield tag="008">060331 n anznnbab|          || ana      </controlfield><datafield tag="040" ind1=" " ind2=" "><subfield code="a">Nz</subfield><subfield code="c">Nz</subfield><subfield code="f">reo</subfield></datafield><datafield tag="150" ind1=" " ind2=" "><subfield code="a">Pepeha</subfield></datafield><datafield tag="450" ind1=" " ind2=" "><subfield code="a">Mottos, Tribal</subfield></datafield><datafield tag="450" ind1=" " ind2=" "><subfield code="a">Tribal mottos</subfield></datafield><datafield tag="550" ind1=" " ind2=" "><subfield code="a">Kīrehu</subfield></datafield><datafield tag="550" ind1=" " ind2=" "><subfield code="a">Kīwaha</subfield></datafield><datafield tag="550" ind1=" " ind2=" "><subfield code="a">Maunga</subfield></datafield><datafield tag="550" ind1=" " ind2=" "><subfield code="a">Taunahanahatanga</subfield></datafield><datafield tag="550" ind1=" " ind2=" "><subfield code="a">Whakatauākī</subfield></datafield><datafield tag="550" ind1=" " ind2=" "><subfield code="a">Whakataukī</subfield></datafield><datafield tag="550" ind1=" " ind2=" "><subfield code="a">Whenua</subfield></datafield><datafield tag="550" ind1=" " ind2=" "><subfield code="w">g</subfield><subfield code="a">Kōrero</subfield></datafield><datafield tag="680" ind1=" " ind2=" "><subfield code="i">Whakamārama: He kōrero e pā ana ki ngā tūtohu whenua o tētahi rohe, o tētahi iwi, otirā, e kōrero anō hoki i tōna rangatira, i tōna mana.</subfield></datafield><datafield tag="680" ind1=" " ind2=" "><subfield code="i">Scope Note: Short recitations which point out significant features within particular areas of tribal boundaries, and which also denote the prestige of chiefs and traits of kin groups.</subfield></datafield></record>