<record><leader>00000nz  a2200000n  4500</leader><controlfield tag="001">1601</controlfield><controlfield tag="003">NzReo</controlfield><controlfield tag="008">060524 n anznnbab|          || ana      </controlfield><datafield tag="040" ind1=" " ind2=" "><subfield code="a">Nz</subfield><subfield code="c">Nz</subfield><subfield code="f">reo</subfield></datafield><datafield tag="150" ind1=" " ind2=" "><subfield code="a">Petako</subfield></datafield><datafield tag="450" ind1=" " ind2=" "><subfield code="a">Spleenworts.</subfield></datafield><datafield tag="550" ind1=" " ind2=" "><subfield code="w">g</subfield><subfield code="a">Huruhuru whenua</subfield></datafield><datafield tag="680" ind1=" " ind2=" "><subfield code="i">Whakamārama: Ko ngā momo huruhuru whenua rite ki te parenako. Ko te nuinga kei runga i ngā rākau e tupu ana.</subfield></datafield><datafield tag="680" ind1=" " ind2=" "><subfield code="i">Scope Note: General term for several types of spleenworts, ferns of the genus Asplenium. A general term for ferns resembling parenako/shining spleenwort, most of which grow on trees. Asplenium spp.</subfield></datafield></record>