<record><leader>00000nz  a2200000n  4500</leader><controlfield tag="001">1762</controlfield><controlfield tag="003">NzReo</controlfield><controlfield tag="008">060524 n anznnbab|          || ana      </controlfield><datafield tag="040" ind1=" " ind2=" "><subfield code="a">Nz</subfield><subfield code="c">Nz</subfield><subfield code="f">reo</subfield></datafield><datafield tag="150" ind1=" " ind2=" "><subfield code="a">Petako pāraharaha</subfield></datafield><datafield tag="450" ind1=" " ind2=" "><subfield code="a">Sickle spleenworts</subfield></datafield><datafield tag="450" ind1=" " ind2=" "><subfield code="a">Spleenworts, Sickle</subfield></datafield><datafield tag="550" ind1=" " ind2=" "><subfield code="w">g</subfield><subfield code="a">Huruhuru whenua</subfield></datafield><datafield tag="550" ind1=" " ind2=" "><subfield code="w">g</subfield><subfield code="a">Otaota hāwere</subfield></datafield><datafield tag="680" ind1=" " ind2=" "><subfield code="i">Whakamārama: He momo petako he mangu ngā tātā, he koikoi ngā tawheraiti. Kei runga i ngā rākau e tupu ana.</subfield></datafield><datafield tag="680" ind1=" " ind2=" "><subfield code="i">Scope Note: A drooping epiphytic fern with black stems and pointed simple leaflets. Asplenium polyodon.</subfield></datafield></record>