<record><leader>00000nz  a2200000n  4500</leader><controlfield tag="001">311</controlfield><controlfield tag="003">NzReo</controlfield><controlfield tag="008">060609 n anznnbab|          || ana      </controlfield><datafield tag="040" ind1=" " ind2=" "><subfield code="a">Nz</subfield><subfield code="c">Nz</subfield><subfield code="f">reo</subfield></datafield><datafield tag="150" ind1=" " ind2=" "><subfield code="a">Pia</subfield></datafield><datafield tag="450" ind1=" " ind2=" "><subfield code="a">Chewing gums</subfield></datafield><datafield tag="450" ind1=" " ind2=" "><subfield code="a">Gums, Chewing</subfield></datafield><datafield tag="450" ind1=" " ind2=" "><subfield code="a">Gums, Tree</subfield></datafield><datafield tag="450" ind1=" " ind2=" "><subfield code="a">Tree gums</subfield></datafield><datafield tag="550" ind1=" " ind2=" "><subfield code="w">g</subfield><subfield code="a">Kai</subfield></datafield><datafield tag="680" ind1=" " ind2=" "><subfield code="i">Whakamārama: Kia tapahia ētahi rākau, kua rere te pia, kua heke te tarawai, pērā i te kauri. Hei pia ngaungau, hei whakakakara i ngā hinu panipani.</subfield></datafield><datafield tag="680" ind1=" " ind2=" "><subfield code="i">Scope Note: Gum exuded from trees, used as a masticatory, or for scenting oils etc.</subfield></datafield></record>