<record><leader>00000nz  a2200000n  4500</leader><controlfield tag="001">1813</controlfield><controlfield tag="003">NzReo</controlfield><controlfield tag="008">060524 n anznnbab|          || ana      </controlfield><datafield tag="040" ind1=" " ind2=" "><subfield code="a">Nz</subfield><subfield code="c">Nz</subfield><subfield code="f">reo</subfield></datafield><datafield tag="150" ind1=" " ind2=" "><subfield code="a">Pia mānuka</subfield></datafield><datafield tag="450" ind1=" " ind2=" "><subfield code="a">Mānuka honeydew</subfield></datafield><datafield tag="550" ind1=" " ind2=" "><subfield code="a">Wai harakeke</subfield></datafield><datafield tag="550" ind1=" " ind2=" "><subfield code="a">Wai kaihua</subfield></datafield><datafield tag="550" ind1=" " ind2=" "><subfield code="a">Wai kōrari</subfield></datafield><datafield tag="550" ind1=" " ind2=" "><subfield code="w">g</subfield><subfield code="a">Mānuka</subfield></datafield><datafield tag="550" ind1=" " ind2=" "><subfield code="w">g</subfield><subfield code="a">Wai honga</subfield></datafield><datafield tag="680" ind1=" " ind2=" "><subfield code="i">Whakamārama: Ko te pia o te mānuka , ko te tarawai e inumia ana e te ngārara, ka marere te tatahe, hei whakareka kai.</subfield></datafield><datafield tag="680" ind1=" " ind2=" "><subfield code="i">Scope Note: Honeydew from the mānuka produced by the mānuka scale insect. It was eaten as a sort of manna.</subfield></datafield></record>