<record><leader>00000nz  a2200000n  4500</leader><controlfield tag="001">4872</controlfield><controlfield tag="003">NzReo</controlfield><controlfield tag="008">160531 n anznnbab|          || ana      </controlfield><datafield tag="040" ind1=" " ind2=" "><subfield code="a">Nz</subfield><subfield code="c">Nz</subfield><subfield code="f">reo</subfield></datafield><datafield tag="150" ind1=" " ind2=" "><subfield code="a">Pikopiko</subfield></datafield><datafield tag="450" ind1=" " ind2=" "><subfield code="a">Ferns, Shield</subfield></datafield><datafield tag="450" ind1=" " ind2=" "><subfield code="a">Shield ferns</subfield></datafield><datafield tag="550" ind1=" " ind2=" "><subfield code="a">Pikopiko (Kai)</subfield></datafield><datafield tag="550" ind1=" " ind2=" "><subfield code="w">g</subfield><subfield code="a">Huruhuru whenua</subfield></datafield><datafield tag="680" ind1=" " ind2=" "><subfield code="i">Scope Note: Polystichum richardii, the common shield fern.</subfield></datafield></record>