<record><leader>00000nz  a2200000n  4500</leader><controlfield tag="001">1799</controlfield><controlfield tag="003">NzReo</controlfield><controlfield tag="008">060524 n anznnbab|          || ana      </controlfield><datafield tag="040" ind1=" " ind2=" "><subfield code="a">Nz</subfield><subfield code="c">Nz</subfield><subfield code="f">reo</subfield></datafield><datafield tag="150" ind1=" " ind2=" "><subfield code="a">Pīngao</subfield></datafield><datafield tag="450" ind1=" " ind2=" "><subfield code="a">Pīnao</subfield></datafield><datafield tag="550" ind1=" " ind2=" "><subfield code="a">Toetoe</subfield></datafield><datafield tag="550" ind1=" " ind2=" "><subfield code="w">g</subfield><subfield code="a">Whara</subfield></datafield><datafield tag="680" ind1=" " ind2=" "><subfield code="i">Whakamārama: Ko te taipū te kainga o te pīngao. He tino taonga mō ngā mahi raranga. E mata ana ka katohia, ka pūpū, kā whakairi i te wāhi hauhau e kore e whitikia e te rā. Waiho kia maroke, kia ngāwhā.</subfield></datafield><datafield tag="680" ind1=" " ind2=" "><subfield code="i">Scope Note: A sand dwelling plant with golden-yellow leaves prized for weaving of decorative kete/baskets. Desmoschoenus spiralis.</subfield></datafield></record>