<record><leader>00000nz  a2200000n  4500</leader><controlfield tag="001">1348</controlfield><controlfield tag="003">NzReo</controlfield><controlfield tag="008">060511 n anznnbab|          || ana      </controlfield><datafield tag="040" ind1=" " ind2=" "><subfield code="a">Nz</subfield><subfield code="c">Nz</subfield><subfield code="f">reo</subfield></datafield><datafield tag="150" ind1=" " ind2=" "><subfield code="a">Pīpipi</subfield></datafield><datafield tag="450" ind1=" " ind2=" "><subfield code="a">Brown creepers</subfield></datafield><datafield tag="450" ind1=" " ind2=" "><subfield code="a">Creepers, Brown</subfield></datafield><datafield tag="550" ind1=" " ind2=" "><subfield code="w">g</subfield><subfield code="a">Manu ngahere</subfield></datafield><datafield tag="680" ind1=" " ind2=" "><subfield code="i">Whakamārama: He manu itiiti o te ngahere, he rite ki te mōhua, he hāura ngā huruhuru.</subfield></datafield><datafield tag="680" ind1=" " ind2=" "><subfield code="i">Scope Note: A small brown forest bird. Mohoua novaeseelandiae.</subfield></datafield></record>