<record><leader>00000nz  a2200000n  4500</leader><controlfield tag="001">1351</controlfield><controlfield tag="003">NzReo</controlfield><controlfield tag="008">060511 n anznnbab|          || ana      </controlfield><datafield tag="040" ind1=" " ind2=" "><subfield code="a">Nz</subfield><subfield code="c">Nz</subfield><subfield code="f">reo</subfield></datafield><datafield tag="150" ind1=" " ind2=" "><subfield code="a">Pīpīwharauroa</subfield></datafield><datafield tag="450" ind1=" " ind2=" "><subfield code="a">Cuckoos, Shining</subfield></datafield><datafield tag="450" ind1=" " ind2=" "><subfield code="a">Shining cuckoos</subfield></datafield><datafield tag="550" ind1=" " ind2=" "><subfield code="w">g</subfield><subfield code="a">Manu ngahere</subfield></datafield><datafield tag="680" ind1=" " ind2=" "><subfield code="i">Whakamārama: He manu pīrere. Hei te koanga ka tau mai ki Aotearoa. He kārikirino te tuarā, he mā, he kawakawa mōhinuhinu ngā tāhei o te puku.</subfield></datafield><datafield tag="680" ind1=" " ind2=" "><subfield code="i">Scope Note: A migrant bird with metallic green plumage on the back and the underparts white finely barred with dark glossy green. Chrysococcyx lucidus.</subfield></datafield></record>