<record><leader>00000nz  a2200000n  4500</leader><controlfield tag="001">1695</controlfield><controlfield tag="003">NzReo</controlfield><controlfield tag="008">060524 n anznnbab|          || ana      </controlfield><datafield tag="040" ind1=" " ind2=" "><subfield code="a">Nz</subfield><subfield code="c">Nz</subfield><subfield code="f">reo</subfield></datafield><datafield tag="150" ind1=" " ind2=" "><subfield code="a">Pirikahu</subfield></datafield><datafield tag="450" ind1=" " ind2=" "><subfield code="a">Buttercups, Hairy</subfield></datafield><datafield tag="450" ind1=" " ind2=" "><subfield code="a">Hairy buttercups</subfield></datafield><datafield tag="550" ind1=" " ind2=" "><subfield code="w">g</subfield><subfield code="a">Otaota</subfield></datafield><datafield tag="680" ind1=" " ind2=" "><subfield code="i">Whakamārama: He kawariki iti, he kōwhai ngā pua. Ko ngā rau he ririki, he pūhuruhuru.</subfield></datafield><datafield tag="680" ind1=" " ind2=" "><subfield code="i">Scope Note: A small buttercup with yellow flowers and small hairy leaves. Ranunculus hirtus.</subfield></datafield></record>