<record><leader>00000nz  a2200000n  4500</leader><controlfield tag="001">1763</controlfield><controlfield tag="003">NzReo</controlfield><controlfield tag="008">060524 n anznnbab|          || ana      </controlfield><datafield tag="040" ind1=" " ind2=" "><subfield code="a">Nz</subfield><subfield code="c">Nz</subfield><subfield code="f">reo</subfield></datafield><datafield tag="150" ind1=" " ind2=" "><subfield code="a">Pirinoa</subfield></datafield><datafield tag="450" ind1=" " ind2=" "><subfield code="a">Pirirangi</subfield></datafield><datafield tag="450" ind1=" " ind2=" "><subfield code="a">Pirita</subfield></datafield><datafield tag="450" ind1=" " ind2=" "><subfield code="a">Mistletoes</subfield></datafield><datafield tag="550" ind1=" " ind2=" "><subfield code="w">g</subfield><subfield code="a">Otaota hāwere</subfield></datafield><datafield tag="680" ind1=" " ind2=" "><subfield code="i">Whakamārama: Ko ngā otaota hāwere kei runga i te rākau e tupu ana. Ko te wai o te rākau tana kai. He kita ngā pua.</subfield></datafield><datafield tag="680" ind1=" " ind2=" "><subfield code="i">Scope Note: A general term for the parasitic mistletoes of the genera Peraxilla and Trilepidia. Now rare because of opossum damage, these epiphytic parasites have brightly-coloured flowers.</subfield></datafield></record>