<record><leader>00000nz  a2200000n  4500</leader><controlfield tag="001">1696</controlfield><controlfield tag="003">NzReo</controlfield><controlfield tag="008">060524 n anznnbab|          || ana      </controlfield><datafield tag="040" ind1=" " ind2=" "><subfield code="a">Nz</subfield><subfield code="c">Nz</subfield><subfield code="f">reo</subfield></datafield><datafield tag="150" ind1=" " ind2=" "><subfield code="a">Piripiri</subfield></datafield><datafield tag="450" ind1=" " ind2=" "><subfield code="a">Piriwhetua</subfield></datafield><datafield tag="450" ind1=" " ind2=" "><subfield code="a">Bidibids</subfield></datafield><datafield tag="550" ind1=" " ind2=" "><subfield code="w">g</subfield><subfield code="a">Otaota</subfield></datafield><datafield tag="680" ind1=" " ind2=" "><subfield code="i">Whakamārama: He otaota totoro te tupu. He taratara, he porohita te hanga o ngā puarere.</subfield></datafield><datafield tag="680" ind1=" " ind2=" "><subfield code="i">Scope Note: A creeping plant with a spiky, ball-like seedhead. Acaena spp.</subfield></datafield></record>