<record><leader>00000nz  a2200000n  4500</leader><controlfield tag="001">3747</controlfield><controlfield tag="003">NzReo</controlfield><controlfield tag="008">111207 n anznnbab|          || ana      </controlfield><datafield tag="040" ind1=" " ind2=" "><subfield code="a">Nz</subfield><subfield code="c">Nz</subfield><subfield code="f">reo</subfield></datafield><datafield tag="150" ind1=" " ind2=" "><subfield code="a">Poaka</subfield></datafield><datafield tag="450" ind1=" " ind2=" "><subfield code="a">Kunekune</subfield></datafield><datafield tag="450" ind1=" " ind2=" "><subfield code="a">Poaka puihi</subfield></datafield><datafield tag="450" ind1=" " ind2=" "><subfield code="a">Boars</subfield></datafield><datafield tag="450" ind1=" " ind2=" "><subfield code="a">Pigs</subfield></datafield><datafield tag="450" ind1=" " ind2=" "><subfield code="a">Swine</subfield></datafield><datafield tag="550" ind1=" " ind2=" "><subfield code="w">g</subfield><subfield code="a">Kararehe whāngote</subfield></datafield><datafield tag="680" ind1=" " ind2=" "><subfield code="i">Whakamārama: Ko te poaka he kararehe whāngote, he kararehe noho pāmu, noho ngahere hoki, he kai nā te tangata.</subfield></datafield><datafield tag="680" ind1=" " ind2=" "><subfield code="i">Scope Note: Swine or pigs, including boars and wild pigs.</subfield></datafield></record>