<record><leader>00000nz  a2200000n  4500</leader><controlfield tag="001">1538</controlfield><controlfield tag="003">NzReo</controlfield><controlfield tag="008">060511 n anznnbab|          || ana      </controlfield><datafield tag="040" ind1=" " ind2=" "><subfield code="a">Nz</subfield><subfield code="c">Nz</subfield><subfield code="f">reo</subfield></datafield><datafield tag="150" ind1=" " ind2=" "><subfield code="a">Poaka (Manu)</subfield></datafield><datafield tag="450" ind1=" " ind2=" "><subfield code="a">Pied stilts</subfield></datafield><datafield tag="450" ind1=" " ind2=" "><subfield code="a">Stilts, Pied</subfield></datafield><datafield tag="550" ind1=" " ind2=" "><subfield code="w">g</subfield><subfield code="a">Manu waimāori</subfield></datafield><datafield tag="680" ind1=" " ind2=" "><subfield code="i">Whakamārama: He manu kautū. He roroa, he whīroki, he māwhero ngā waewae. Ko ngā ngutu, ngā parirau me te porongāua he pango. He mā katoa te tinana.</subfield></datafield><datafield tag="680" ind1=" " ind2=" "><subfield code="i">Scope Note: A wading bird like the kakī/black stilt with long thin pink legs and a black bill. The wings and nape are black but the rest of the plumage is white. Himantopus himantopus leucocephalus.</subfield></datafield></record>