<record><leader>00000nz  a2200000n  4500</leader><controlfield tag="001">3136</controlfield><controlfield tag="003">NzReo</controlfield><controlfield tag="008">100821 n anznnbab|          || ana      </controlfield><datafield tag="040" ind1=" " ind2=" "><subfield code="a">Nz</subfield><subfield code="c">Nz</subfield><subfield code="f">reo</subfield></datafield><datafield tag="150" ind1=" " ind2=" "><subfield code="a">Pōhā</subfield></datafield><datafield tag="450" ind1=" " ind2=" "><subfield code="a">Kelp bags</subfield></datafield><datafield tag="550" ind1=" " ind2=" "><subfield code="w">g</subfield><subfield code="a">Hinu kai</subfield></datafield><datafield tag="680" ind1=" " ind2=" "><subfield code="i">Whakamārama: He ipu i mahia ki te rimurapa, ki te kiri tōtara rānei, hei pupuri tītī kōtutu.</subfield></datafield><datafield tag="680" ind1=" " ind2=" "><subfield code="i">Scope Note: Kelp bags for storing food.</subfield></datafield></record>