<record><leader>00000nz  a2200000n  4500</leader><controlfield tag="001">1541</controlfield><controlfield tag="003">NzReo</controlfield><controlfield tag="008">060511 n anznnbab|          || ana      </controlfield><datafield tag="040" ind1=" " ind2=" "><subfield code="a">Nz</subfield><subfield code="c">Nz</subfield><subfield code="f">reo</subfield></datafield><datafield tag="150" ind1=" " ind2=" "><subfield code="a">Pohoriki</subfield></datafield><datafield tag="450" ind1=" " ind2=" "><subfield code="a">Grey teals</subfield></datafield><datafield tag="450" ind1=" " ind2=" "><subfield code="a">Teals, Grey</subfield></datafield><datafield tag="550" ind1=" " ind2=" "><subfield code="w">g</subfield><subfield code="a">Manu waimāori</subfield></datafield><datafield tag="680" ind1=" " ind2=" "><subfield code="i">Whakamārama: He rakiraki itiiti he rite ki te pārera, engari he mahea te mata. He āhua hina ngā huruhuru, he whero ngā karu.</subfield></datafield><datafield tag="680" ind1=" " ind2=" "><subfield code="i">Scope Note: A small duck resembling the pārera/grey duck but without the facial markings. The plumage is rather grey and the eye is red. Anas gracilis.</subfield></datafield></record>