<record><leader>00000nz  a2200000n  4500</leader><controlfield tag="001">1498</controlfield><controlfield tag="003">NzReo</controlfield><controlfield tag="008">060511 n anznnbab|          || ana      </controlfield><datafield tag="040" ind1=" " ind2=" "><subfield code="a">Nz</subfield><subfield code="c">Nz</subfield><subfield code="f">reo</subfield></datafield><datafield tag="150" ind1=" " ind2=" "><subfield code="a">Pohowera</subfield></datafield><datafield tag="450" ind1=" " ind2=" "><subfield code="a">Banded dotterels</subfield></datafield><datafield tag="450" ind1=" " ind2=" "><subfield code="a">Dotterels, Banded</subfield></datafield><datafield tag="550" ind1=" " ind2=" "><subfield code="w">g</subfield><subfield code="a">Manu ki tātahi</subfield></datafield><datafield tag="680" ind1=" " ind2=" "><subfield code="i">Whakamārama: He manu nō te tāhuna. He mā te poho, he pango, he ura, ngā tāhei.</subfield></datafield><datafield tag="680" ind1=" " ind2=" "><subfield code="i">Scope Note: A shore bird with a white breast crossed by two distinctive bands, one black and one brown. Charadrius bicinctus.</subfield></datafield></record>