<record><leader>00000nz  a2200000n  4500</leader><controlfield tag="001">1974</controlfield><controlfield tag="003">NzReo</controlfield><controlfield tag="008">060524 n anznnbab|          || ana      </controlfield><datafield tag="040" ind1=" " ind2=" "><subfield code="a">Nz</subfield><subfield code="c">Nz</subfield><subfield code="f">reo</subfield></datafield><datafield tag="150" ind1=" " ind2=" "><subfield code="a">Pōhutukawa</subfield></datafield><datafield tag="450" ind1=" " ind2=" "><subfield code="a">Christmas trees, New Zealand</subfield></datafield><datafield tag="450" ind1=" " ind2=" "><subfield code="a">New Zealand Christmas trees</subfield></datafield><datafield tag="550" ind1=" " ind2=" "><subfield code="w">g</subfield><subfield code="a">Rākau whakaruruhau</subfield></datafield><datafield tag="680" ind1=" " ind2=" "><subfield code="i">Whakamārama: He momo rātā o te takutai moana. Hei te marama o Hakihea, ka puta ngā pua, he kura.</subfield></datafield><datafield tag="680" ind1=" " ind2=" "><subfield code="i">Scope Note: A coastal rātā with crimson flowers appearing in December. New Zealand Christmas trees. Metrosideros excelsa.</subfield></datafield></record>