<record><leader>00000nz  a2200000n  4500</leader><controlfield tag="001">626</controlfield><controlfield tag="003">NzReo</controlfield><controlfield tag="008">050714 n anznnbab|          || ana      </controlfield><datafield tag="040" ind1=" " ind2=" "><subfield code="a">Nz</subfield><subfield code="c">Nz</subfield><subfield code="f">reo</subfield></datafield><datafield tag="150" ind1=" " ind2=" "><subfield code="a">Poi</subfield></datafield><datafield tag="550" ind1=" " ind2=" "><subfield code="a">Kapa haka</subfield></datafield><datafield tag="550" ind1=" " ind2=" "><subfield code="a">Karakia</subfield></datafield><datafield tag="550" ind1=" " ind2=" "><subfield code="a">Raupō</subfield></datafield><datafield tag="550" ind1=" " ind2=" "><subfield code="a">Rotarota</subfield></datafield><datafield tag="550" ind1=" " ind2=" "><subfield code="w">g</subfield><subfield code="a">Mahi ā Rēhia</subfield></datafield><datafield tag="550" ind1=" " ind2=" "><subfield code="w">g</subfield><subfield code="a">Taonga pūoro</subfield></datafield><datafield tag="680" ind1=" " ind2=" "><subfield code="i">Whakamārama: He paku pōro hanga i te raupo ā, he taura me te awe e tāpiri ana.</subfield></datafield><datafield tag="680" ind1=" " ind2=" "><subfield code="i">Scope Note: A small, soft ball usually made from bulrush leaves, with a long plaited twine attached. The ball(s) are swung by the hand(s) to keep the rhythm and beat of songs and prayers. Also traditionally used to train arms and wrists. Use for poi songs.</subfield></datafield></record>