<record><leader>00000nz  a2200000n  4500</leader><controlfield tag="001">627</controlfield><controlfield tag="003">NzReo</controlfield><controlfield tag="008">050714 n anznnbab|          || ana      </controlfield><datafield tag="040" ind1=" " ind2=" "><subfield code="a">Nz</subfield><subfield code="c">Nz</subfield><subfield code="f">reo</subfield></datafield><datafield tag="150" ind1=" " ind2=" "><subfield code="a">Poiāwhiowhio</subfield></datafield><datafield tag="450" ind1=" " ind2=" "><subfield code="a">Gourd instruments</subfield></datafield><datafield tag="450" ind1=" " ind2=" "><subfield code="a">Instruments, Gourd</subfield></datafield><datafield tag="550" ind1=" " ind2=" "><subfield code="a">Hinepūtehue</subfield></datafield><datafield tag="550" ind1=" " ind2=" "><subfield code="a">Hue puruhau</subfield></datafield><datafield tag="550" ind1=" " ind2=" "><subfield code="a">Hue puruwai</subfield></datafield><datafield tag="550" ind1=" " ind2=" "><subfield code="a">Hūruarangi</subfield></datafield><datafield tag="550" ind1=" " ind2=" "><subfield code="a">Ororuarangi</subfield></datafield><datafield tag="550" ind1=" " ind2=" "><subfield code="a">Ponga ihu</subfield></datafield><datafield tag="550" ind1=" " ind2=" "><subfield code="a">Rarā</subfield></datafield><datafield tag="550" ind1=" " ind2=" "><subfield code="w">g</subfield><subfield code="a">Taonga pūoro</subfield></datafield><datafield tag="680" ind1=" " ind2=" "><subfield code="i">Whakamārama: He hue pakupaku ki te piua hei taonga whakatangitangi.</subfield></datafield><datafield tag="680" ind1=" " ind2=" "><subfield code="i">Scope Note: A small gourd instrument swung above the head.</subfield></datafield></record>