<record><leader>00000nz  a2200000n  4500</leader><controlfield tag="001">833</controlfield><controlfield tag="003">NzReo</controlfield><controlfield tag="008">050831 n anznnbab|          || ana      </controlfield><datafield tag="040" ind1=" " ind2=" "><subfield code="a">Nz</subfield><subfield code="c">Nz</subfield><subfield code="f">reo</subfield></datafield><datafield tag="150" ind1=" " ind2=" "><subfield code="a">Pōkai ātea</subfield></datafield><datafield tag="450" ind1=" " ind2=" "><subfield code="a">Space probes</subfield></datafield><datafield tag="550" ind1=" " ind2=" "><subfield code="a">Ātea</subfield></datafield><datafield tag="550" ind1=" " ind2=" "><subfield code="w">g</subfield><subfield code="a">Waka tuarangi</subfield></datafield></record>