<record><leader>00000nz  a2200000n  4500</leader><controlfield tag="001">1415</controlfield><controlfield tag="003">NzReo</controlfield><controlfield tag="008">060511 n anznnbab|          || ana      </controlfield><datafield tag="040" ind1=" " ind2=" "><subfield code="a">Nz</subfield><subfield code="c">Nz</subfield><subfield code="f">reo</subfield></datafield><datafield tag="150" ind1=" " ind2=" "><subfield code="a">Pokotiwha</subfield></datafield><datafield tag="450" ind1=" " ind2=" "><subfield code="a">Tawhaki</subfield></datafield><datafield tag="450" ind1=" " ind2=" "><subfield code="a">Fiordland crested penguins</subfield></datafield><datafield tag="450" ind1=" " ind2=" "><subfield code="a">Penguins, Fiordland crested</subfield></datafield><datafield tag="550" ind1=" " ind2=" "><subfield code="w">g</subfield><subfield code="a">Manu moana</subfield></datafield><datafield tag="680" ind1=" " ind2=" "><subfield code="i">Whakamārama: He manu moana, he momo kororā. He whero ngā karu, he āhua poropango te rae me te tipuaki.</subfield></datafield><datafield tag="680" ind1=" " ind2=" "><subfield code="i">Scope Note: A penguin resembling the hoiho/yellow-eyed penguin, but with a red eye. The forehead and crown are bluish black. Eudyptes pachyrhynchus.</subfield></datafield></record>