<record><leader>00000nz  a2200000n  4500</leader><controlfield tag="001">3739</controlfield><controlfield tag="003">NzReo</controlfield><controlfield tag="008">111207 n anznnbab|          || ana      </controlfield><datafield tag="040" ind1=" " ind2=" "><subfield code="a">Nz</subfield><subfield code="c">Nz</subfield><subfield code="f">reo</subfield></datafield><datafield tag="150" ind1=" " ind2=" "><subfield code="a">Ponaturi</subfield></datafield><datafield tag="450" ind1=" " ind2=" "><subfield code="a">Fairies, Sea</subfield></datafield><datafield tag="450" ind1=" " ind2=" "><subfield code="a">Sea fairies</subfield></datafield><datafield tag="550" ind1=" " ind2=" "><subfield code="a">Moana</subfield></datafield><datafield tag="550" ind1=" " ind2=" "><subfield code="a">Patupaiarehe</subfield></datafield><datafield tag="550" ind1=" " ind2=" "><subfield code="w">g</subfield><subfield code="a">Ao wairua</subfield></datafield><datafield tag="680" ind1=" " ind2=" "><subfield code="i">Whakamārama: Ko ngā iwi atua, ope wairua rānei i noho ai i te moana. He whero ōna makawe, he mā ōna kiri, ā, he roroa ōna maikūkū. Noho ai rātou i te moana, ā, ia pō, ia pō, ka peka atu ki runga i te whenua. Kua tūmeke i a rātou i te hīhī o te rā me te ahi, pērā i te patupaiarehe.</subfield></datafield><datafield tag="680" ind1=" " ind2=" "><subfield code="i">Scope Note: Ponaturi are sometimes described as sea fairies. They have red hair and white skin, and fingers with long claws. They spent their days under the sea, only coming onto land at night. Like the patupaiarehe they feared sunlight and fire.</subfield></datafield></record>