<record><leader>00000nz  a2200000n  4500</leader><controlfield tag="001">1354</controlfield><controlfield tag="003">NzReo</controlfield><controlfield tag="008">060511 n anznnbab|          || ana      </controlfield><datafield tag="040" ind1=" " ind2=" "><subfield code="a">Nz</subfield><subfield code="c">Nz</subfield><subfield code="f">reo</subfield></datafield><datafield tag="150" ind1=" " ind2=" "><subfield code="a">Pōpokotea</subfield></datafield><datafield tag="450" ind1=" " ind2=" "><subfield code="a">Whiteheads</subfield></datafield><datafield tag="550" ind1=" " ind2=" "><subfield code="w">g</subfield><subfield code="a">Manu ngahere</subfield></datafield><datafield tag="680" ind1=" " ind2=" "><subfield code="i">Whakamārama: He manu ititi nō te ngahere, he rite ki te mōhua. He hāura te tinana, he mā te māhunga me te puku.</subfield></datafield><datafield tag="680" ind1=" " ind2=" "><subfield code="i">Scope Note: A small bird of the forest with a white head and underparts, the rest being brown. It is similar to the mohua/yellowhead. Mohoua albicilla.</subfield></datafield></record>