<record><leader>00000nz  a2200000n  4500</leader><controlfield tag="001">4442</controlfield><controlfield tag="003">NzReo</controlfield><controlfield tag="008">150108 n anznnbab|          || ana      </controlfield><datafield tag="040" ind1=" " ind2=" "><subfield code="a">Nz</subfield><subfield code="c">Nz</subfield><subfield code="f">reo</subfield></datafield><datafield tag="150" ind1=" " ind2=" "><subfield code="a">Poraka</subfield></datafield><datafield tag="450" ind1=" " ind2=" "><subfield code="a">Kirihātua</subfield></datafield><datafield tag="450" ind1=" " ind2=" "><subfield code="a">Pēpeketua</subfield></datafield><datafield tag="450" ind1=" " ind2=" "><subfield code="a">Purutanga</subfield></datafield><datafield tag="450" ind1=" " ind2=" "><subfield code="a">Frogs</subfield></datafield><datafield tag="550" ind1=" " ind2=" "><subfield code="w">g</subfield><subfield code="a">Aitanga pepeke</subfield></datafield></record>