<record><leader>00000nz  a2200000n  4500</leader><controlfield tag="001">2045</controlfield><controlfield tag="003">NzReo</controlfield><controlfield tag="008">060524 n anznnbab|          || ana      </controlfield><datafield tag="040" ind1=" " ind2=" "><subfield code="a">Nz</subfield><subfield code="c">Nz</subfield><subfield code="f">reo</subfield></datafield><datafield tag="150" ind1=" " ind2=" "><subfield code="a">Porokaiwhiri</subfield></datafield><datafield tag="450" ind1=" " ind2=" "><subfield code="a">Kaiwhiri</subfield></datafield><datafield tag="450" ind1=" " ind2=" "><subfield code="a">Kōporokaiwhiri</subfield></datafield><datafield tag="450" ind1=" " ind2=" "><subfield code="a">Pōporokaiwhiri</subfield></datafield><datafield tag="450" ind1=" " ind2=" "><subfield code="a">Porokaiwhiria</subfield></datafield><datafield tag="450" ind1=" " ind2=" "><subfield code="a">Pigeonwoods</subfield></datafield><datafield tag="550" ind1=" " ind2=" "><subfield code="w">g</subfield><subfield code="a">Rākau whakauru</subfield></datafield><datafield tag="680" ind1=" " ind2=" "><subfield code="i">Whakamārama: He rākau ririki, kakara. He mōhinuhinu, he niniho ngā rau. He karaka ngā kākano, he tino kai nā te kererū.</subfield></datafield><datafield tag="680" ind1=" " ind2=" "><subfield code="i">Scope Note: A small aromatic tree with glossy toothed leaves and round orange berries which the kererū/wood pigeon likes to eat. Hedycarya arborea.</subfield></datafield></record>