<record><leader>00000nz  a2200000n  4500</leader><controlfield tag="001">3073</controlfield><controlfield tag="003">NzReo</controlfield><controlfield tag="008">100720 n anznnbab|          || ana      </controlfield><datafield tag="040" ind1=" " ind2=" "><subfield code="a">Nz</subfield><subfield code="c">Nz</subfield><subfield code="f">reo</subfield></datafield><datafield tag="150" ind1=" " ind2=" "><subfield code="a">Poropiti</subfield></datafield><datafield tag="450" ind1=" " ind2=" "><subfield code="a">Prophets</subfield></datafield><datafield tag="550" ind1=" " ind2=" "><subfield code="w">g</subfield><subfield code="a">Hāhi Māori</subfield></datafield><datafield tag="680" ind1=" " ind2=" "><subfield code="i">Whakamārama: He tangata e arahina ana e tētahi atua, ka noho ia hei matakite, hei māngai mō taua atua, e pai ai tana ārahi, tana tohutohu i āna pononga.</subfield></datafield><datafield tag="680" ind1=" " ind2=" "><subfield code="i">Scope Note: A person who leads a congregation by the prophecies and teachings of the word of God.</subfield></datafield></record>