<record><leader>00000nz  a2200000n  4500</leader><controlfield tag="001">1638</controlfield><controlfield tag="003">NzReo</controlfield><controlfield tag="008">060524 n anznnbab|          || ana      </controlfield><datafield tag="040" ind1=" " ind2=" "><subfield code="a">Nz</subfield><subfield code="c">Nz</subfield><subfield code="f">reo</subfield></datafield><datafield tag="150" ind1=" " ind2=" "><subfield code="a">Poroporo</subfield></datafield><datafield tag="450" ind1=" " ind2=" "><subfield code="a">Nightshades</subfield></datafield><datafield tag="550" ind1=" " ind2=" "><subfield code="w">g</subfield><subfield code="a">Mauwha</subfield></datafield><datafield tag="680" ind1=" " ind2=" "><subfield code="i">Whakamārama: He rākau ririki, he kārikiuti ngā rau, he rite ki o te kōwaowao. He pororangi ngā pua, he rarahi, he karaka ngā hua. Mahia ai he rongoa ki ngā rau.</subfield></datafield><datafield tag="680" ind1=" " ind2=" "><subfield code="i">Scope Note: A small tree with dark green leaves shaped like those of kōwaowao/hounds'tongue fern. The flowers are pale blue-purple and the berry is orange. This was an important medicinal plant.</subfield></datafield></record>