<record><leader>00000nz  a2200000n  4500</leader><controlfield tag="001">360</controlfield><controlfield tag="003">NzReo</controlfield><controlfield tag="008">050506 n anznnbab|          || ana      </controlfield><datafield tag="040" ind1=" " ind2=" "><subfield code="a">Nz</subfield><subfield code="c">Nz</subfield><subfield code="f">reo</subfield></datafield><datafield tag="150" ind1=" " ind2=" "><subfield code="a">Poroporoaki</subfield></datafield><datafield tag="450" ind1=" " ind2=" "><subfield code="a">Ceremonies, Closing</subfield></datafield><datafield tag="450" ind1=" " ind2=" "><subfield code="a">Closing ceremonies</subfield></datafield><datafield tag="450" ind1=" " ind2=" "><subfield code="a">Farewell</subfield></datafield><datafield tag="550" ind1=" " ind2=" "><subfield code="a">Maimai aroha</subfield></datafield><datafield tag="550" ind1=" " ind2=" "><subfield code="w">g</subfield><subfield code="a">Pōwhiri</subfield></datafield><datafield tag="550" ind1=" " ind2=" "><subfield code="w">g</subfield><subfield code="a">Whaikōrero</subfield></datafield><datafield tag="680" ind1=" " ind2=" "><subfield code="i">Whakamārama: He whaikōrero ki te tangata e haere ana.</subfield></datafield><datafield tag="680" ind1=" " ind2=" "><subfield code="i">Scope Note: A speech of farewell to a departing person, or closing speech.</subfield></datafield></record>