<record><leader>00000nz  a2200000n  4500</leader><controlfield tag="001">484</controlfield><controlfield tag="003">NzReo</controlfield><controlfield tag="008">050624 n anznnbab|          || ana      </controlfield><datafield tag="040" ind1=" " ind2=" "><subfield code="a">Nz</subfield><subfield code="c">Nz</subfield><subfield code="f">reo</subfield></datafield><datafield tag="150" ind1=" " ind2=" "><subfield code="a">Pou rāhui</subfield></datafield><datafield tag="450" ind1=" " ind2=" "><subfield code="a">Marker posts</subfield></datafield><datafield tag="450" ind1=" " ind2=" "><subfield code="a">Posts, Marker</subfield></datafield><datafield tag="550" ind1=" " ind2=" "><subfield code="w">g</subfield><subfield code="a">Whenua rāhui</subfield></datafield><datafield tag="680" ind1=" " ind2=" "><subfield code="i">Whakamārama: He pou hei tohu i te whenua rāhui</subfield></datafield><datafield tag="680" ind1=" " ind2=" "><subfield code="i">Scope Note: A pole erected to show that an embargo was in force at a particular place.</subfield></datafield></record>