<record><leader>00000nz  a2200000n  4500</leader><controlfield tag="001">1283</controlfield><controlfield tag="003">NzReo</controlfield><controlfield tag="008">060503 n anznnbab|          || ana      </controlfield><datafield tag="040" ind1=" " ind2=" "><subfield code="a">Nz</subfield><subfield code="c">Nz</subfield><subfield code="f">reo</subfield></datafield><datafield tag="150" ind1=" " ind2=" "><subfield code="a">Pounamu</subfield></datafield><datafield tag="450" ind1=" " ind2=" "><subfield code="a">Greenstone</subfield></datafield><datafield tag="450" ind1=" " ind2=" "><subfield code="a">Jade</subfield></datafield><datafield tag="550" ind1=" " ind2=" "><subfield code="a">Hei matau</subfield></datafield><datafield tag="550" ind1=" " ind2=" "><subfield code="a">Hei tiki</subfield></datafield><datafield tag="550" ind1=" " ind2=" "><subfield code="a">Kapeu</subfield></datafield><datafield tag="550" ind1=" " ind2=" "><subfield code="a">Kuru pounamu</subfield></datafield><datafield tag="550" ind1=" " ind2=" "><subfield code="a">Pekapeka (Whakakai)</subfield></datafield><datafield tag="550" ind1=" " ind2=" "><subfield code="w">g</subfield><subfield code="a">Kōhatu</subfield></datafield><datafield tag="680" ind1=" " ind2=" "><subfield code="i">Whakamārama: He kōhatu mārō, he kāriki te āhua. E tāraia ana hei mere, hei tiki, me ērā tū momo taonga. E whai ake nei ngā momo pounamu.</subfield></datafield><datafield tag="680" ind1=" " ind2=" "><subfield code="i">Scope Note: Semi-precious translucent stone (nephrite jade) of great hardness, prized by Māori.</subfield></datafield></record>