<record><leader>00000nz  a2200000n  4500</leader><controlfield tag="001">1229</controlfield><controlfield tag="003">NzReo</controlfield><controlfield tag="008">060413 n anznnbab|          || ana      </controlfield><datafield tag="040" ind1=" " ind2=" "><subfield code="a">Nz</subfield><subfield code="c">Nz</subfield><subfield code="f">reo</subfield></datafield><datafield tag="150" ind1=" " ind2=" "><subfield code="a">Poupou</subfield></datafield><datafield tag="450" ind1=" " ind2=" "><subfield code="a">Ngā pou o roto</subfield></datafield><datafield tag="450" ind1=" " ind2=" "><subfield code="a">Carved posts</subfield></datafield><datafield tag="450" ind1=" " ind2=" "><subfield code="a">Posts, Carved</subfield></datafield><datafield tag="550" ind1=" " ind2=" "><subfield code="w">g</subfield><subfield code="a">Whare whakairo</subfield></datafield><datafield tag="680" ind1=" " ind2=" "><subfield code="i">Whakamārama: Ko ngā pou whakairo katoa ngā poupou e iri ana ki ngā pakitara i te taha māui me te taha matau ki roto i te wharepuni. Ko ngā poupou kei roto i te whare.</subfield></datafield><datafield tag="680" ind1=" " ind2=" "><subfield code="i">Scope Note: The carved or painted panels within the meeting house. The collective term for pou within the whare.</subfield></datafield></record>