<record><leader>00000nz  a2200000n  4500</leader><controlfield tag="001">1237</controlfield><controlfield tag="003">NzReo</controlfield><controlfield tag="008">060413 n anznnbab|          || ana      </controlfield><datafield tag="040" ind1=" " ind2=" "><subfield code="a">Nz</subfield><subfield code="c">Nz</subfield><subfield code="f">reo</subfield></datafield><datafield tag="150" ind1=" " ind2=" "><subfield code="a">Poutahuhu</subfield></datafield><datafield tag="550" ind1=" " ind2=" "><subfield code="w">g</subfield><subfield code="a">Whare whakairo</subfield></datafield><datafield tag="680" ind1=" " ind2=" "><subfield code="i">Whakamārama: Ko te pou whakairo tēnei i waenganui i te pakitara tata matau o te tatou.</subfield></datafield><datafield tag="680" ind1=" " ind2=" "><subfield code="i">Scope Note: The carved panel on the right of the door centred inside the meeting house.?</subfield></datafield></record>