<record><leader>00000nz  a2200000n  4500</leader><controlfield tag="001">2332</controlfield><controlfield tag="003">NzReo</controlfield><controlfield tag="008">060531 n anznnbab|          || ana      </controlfield><datafield tag="040" ind1=" " ind2=" "><subfield code="a">Nz</subfield><subfield code="c">Nz</subfield><subfield code="f">reo</subfield></datafield><datafield tag="150" ind1=" " ind2=" "><subfield code="a">Pouwhenua</subfield></datafield><datafield tag="550" ind1=" " ind2=" "><subfield code="a">Mau pouwhenua</subfield></datafield><datafield tag="550" ind1=" " ind2=" "><subfield code="a">Taiaha</subfield></datafield><datafield tag="550" ind1=" " ind2=" "><subfield code="w">g</subfield><subfield code="a">Rākau ā Tū</subfield></datafield><datafield tag="680" ind1=" " ind2=" "><subfield code="i">Whakamārama: He rākau nā Tū. He āhua rite ki te taiaha, heoi karekau he arero, he koikoi ke.</subfield></datafield><datafield tag="680" ind1=" " ind2=" "><subfield code="i">Scope Note: A fighting staff with one end pointed and the other shaped as a broad flat blade.</subfield></datafield></record>