<record><leader>00000nz  a2200000n  4500</leader><controlfield tag="001">877</controlfield><controlfield tag="003">NzReo</controlfield><controlfield tag="008">050831 n anznnbab|          || ana      </controlfield><datafield tag="040" ind1=" " ind2=" "><subfield code="a">Nz</subfield><subfield code="c">Nz</subfield><subfield code="f">reo</subfield></datafield><datafield tag="150" ind1=" " ind2=" "><subfield code="a">Puanga</subfield></datafield><datafield tag="450" ind1=" " ind2=" "><subfield code="a">Rigel</subfield></datafield><datafield tag="550" ind1=" " ind2=" "><subfield code="w">g</subfield><subfield code="a">Whetū</subfield></datafield><datafield tag="680" ind1=" " ind2=" "><subfield code="i">Scope Note: A first magnitude star in the left foot of the constellation of Orion.</subfield></datafield></record>