<record><leader>00000nz  a2200000n  4500</leader><controlfield tag="001">791</controlfield><controlfield tag="003">NzReo</controlfield><controlfield tag="008">050825 n anznnbab|          || ana      </controlfield><datafield tag="040" ind1=" " ind2=" "><subfield code="a">Nz</subfield><subfield code="c">Nz</subfield><subfield code="f">reo</subfield></datafield><datafield tag="150" ind1=" " ind2=" "><subfield code="a">Pūhā</subfield></datafield><datafield tag="450" ind1=" " ind2=" "><subfield code="a">Thistles</subfield></datafield><datafield tag="550" ind1=" " ind2=" "><subfield code="a">Rongoā</subfield></datafield><datafield tag="550" ind1=" " ind2=" "><subfield code="w">g</subfield><subfield code="a">Otaota (Kai)</subfield></datafield><datafield tag="550" ind1=" " ind2=" "><subfield code="w">h</subfield><subfield code="a">Pūhā pororua</subfield></datafield><datafield tag="680" ind1=" " ind2=" "><subfield code="i">Whakamārama: Hei kai, hei rongoa te puha.</subfield></datafield><datafield tag="680" ind1=" " ind2=" "><subfield code="i">Scope Note: A leafy vegetable related to the Scottish thistle, also used for medicinal purposes.</subfield></datafield></record>