<record><leader>00000nz  a2200000n  4500</leader><controlfield tag="001">1697</controlfield><controlfield tag="003">NzReo</controlfield><controlfield tag="008">060524 n anznnbab|          || ana      </controlfield><datafield tag="040" ind1=" " ind2=" "><subfield code="a">Nz</subfield><subfield code="c">Nz</subfield><subfield code="f">reo</subfield></datafield><datafield tag="150" ind1=" " ind2=" "><subfield code="a">Pūhā pororua</subfield></datafield><datafield tag="450" ind1=" " ind2=" "><subfield code="a">Sow thistles</subfield></datafield><datafield tag="450" ind1=" " ind2=" "><subfield code="a">Thistles, Sow</subfield></datafield><datafield tag="550" ind1=" " ind2=" "><subfield code="w">g</subfield><subfield code="a">Pūhā</subfield></datafield><datafield tag="550" ind1=" " ind2=" "><subfield code="w">h</subfield><subfield code="a">Pūhā tiotio</subfield></datafield><datafield tag="680" ind1=" " ind2=" "><subfield code="i">Whakamārama: He pūhā, maene ngā rau. He tino kai.</subfield></datafield><datafield tag="680" ind1=" " ind2=" "><subfield code="i">Scope Note: A smooth leaved sow thistle used as a green vegetable. The most common edible pūhā/thistle with leaves with rounded ends. Sonchus oleraceus.</subfield></datafield></record>