<record><leader>00000nz  a2200000n  4500</leader><controlfield tag="001">1698</controlfield><controlfield tag="003">NzReo</controlfield><controlfield tag="008">060524 n anznnbab|          || ana      </controlfield><datafield tag="040" ind1=" " ind2=" "><subfield code="a">Nz</subfield><subfield code="c">Nz</subfield><subfield code="f">reo</subfield></datafield><datafield tag="150" ind1=" " ind2=" "><subfield code="a">Pūhā tiotio</subfield></datafield><datafield tag="450" ind1=" " ind2=" "><subfield code="a">Kautara</subfield></datafield><datafield tag="450" ind1=" " ind2=" "><subfield code="a">Prickly sow thistles</subfield></datafield><datafield tag="450" ind1=" " ind2=" "><subfield code="a">Sow thistles, Prickly</subfield></datafield><datafield tag="450" ind1=" " ind2=" "><subfield code="a">Thistles, Prickly sow</subfield></datafield><datafield tag="550" ind1=" " ind2=" "><subfield code="w">g</subfield><subfield code="a">Pūhā pororua</subfield></datafield><datafield tag="680" ind1=" " ind2=" "><subfield code="i">Whakamārama: He momo pūhā, nihoniho tiotio ngā rau. He kai anō.</subfield></datafield><datafield tag="680" ind1=" " ind2=" "><subfield code="i">Scope Note: A sow thistle with narrow pointed leaves with wavy sharp toothed margins. Sonchus asper.</subfield></datafield></record>