<record><leader>00000nz  a2200000n  4500</leader><controlfield tag="001">2699</controlfield><controlfield tag="003">NzReo</controlfield><controlfield tag="008">060607 n anznnbab|          || ana      </controlfield><datafield tag="040" ind1=" " ind2=" "><subfield code="a">Nz</subfield><subfield code="c">Nz</subfield><subfield code="f">reo</subfield></datafield><datafield tag="150" ind1=" " ind2=" "><subfield code="a">Pūharakeke</subfield></datafield><datafield tag="450" ind1=" " ind2=" "><subfield code="a">Kaingārā</subfield></datafield><datafield tag="450" ind1=" " ind2=" "><subfield code="a">Puhikorokoro</subfield></datafield><datafield tag="450" ind1=" " ind2=" "><subfield code="a">Morays, Yellow</subfield></datafield><datafield tag="450" ind1=" " ind2=" "><subfield code="a">Yellow morays</subfield></datafield><datafield tag="550" ind1=" " ind2=" "><subfield code="w">g</subfield><subfield code="a">Tuna</subfield></datafield><datafield tag="680" ind1=" " ind2=" "><subfield code="i">Whakamārama: He tuna nui, he kiri kurehe, kei te moana. He kōwhai, he karaka kita, he kāriki karaka. Kei te huri whakamuri kē ngā niho.</subfield></datafield><datafield tag="680" ind1=" " ind2=" "><subfield code="i">Scope Note: A large, wrinkled, yellowish-orange or greenish marine eel with hinged backwards facing teeth. Gymnothorax prasinus.</subfield></datafield></record>