<record><leader>00000nz  a2200000n  4500</leader><controlfield tag="001">2462</controlfield><controlfield tag="003">NzReo</controlfield><controlfield tag="008">060531 n anznnbab|          || ana      </controlfield><datafield tag="040" ind1=" " ind2=" "><subfield code="a">Nz</subfield><subfield code="c">Nz</subfield><subfield code="f">reo</subfield></datafield><datafield tag="150" ind1=" " ind2=" "><subfield code="a">Puhi</subfield></datafield><datafield tag="550" ind1=" " ind2=" "><subfield code="w">g</subfield><subfield code="a">Wāhine</subfield></datafield><datafield tag="680" ind1=" " ind2=" "><subfield code="i">Whakamārama: He wahine rangatira. Ka tiakina kia noho tapu. A tōna wā, ka whakaritea mārire, ka taumauhia he tāne māna.</subfield></datafield><datafield tag="680" ind1=" " ind2=" "><subfield code="i">Scope Note: Young women of rank, held in high esteem and married off politically. They were chaperoned to protect their virtue.</subfield></datafield></record>