<record><leader>00000nz  a2200000n  4500</leader><controlfield tag="001">3130</controlfield><controlfield tag="003">NzReo</controlfield><controlfield tag="008">100721 n anznnbab|          || ana      </controlfield><datafield tag="040" ind1=" " ind2=" "><subfield code="a">Nz</subfield><subfield code="c">Nz</subfield><subfield code="f">reo</subfield></datafield><datafield tag="150" ind1=" " ind2=" "><subfield code="a">Puia kai</subfield></datafield><datafield tag="450" ind1=" " ind2=" "><subfield code="a">Cooking (Geothermal springs)</subfield></datafield><datafield tag="450" ind1=" " ind2=" "><subfield code="a">Cooking (Hot springs)</subfield></datafield><datafield tag="450" ind1=" " ind2=" "><subfield code="a">Geothermal springs cooking</subfield></datafield><datafield tag="450" ind1=" " ind2=" "><subfield code="a">Hot springs cooking</subfield></datafield><datafield tag="550" ind1=" " ind2=" "><subfield code="w">g</subfield><subfield code="a">Tunu kai</subfield></datafield><datafield tag="680" ind1=" " ind2=" "><subfield code="i">Whakamārama: Ko ngā kai e tunu ana i ngā puia.</subfield></datafield><datafield tag="680" ind1=" " ind2=" "><subfield code="i">Scope Note: Cooking food in hot/geothermal springs.</subfield></datafield></record>