<record><leader>00000nz  a2200000n  4500</leader><controlfield tag="001">633</controlfield><controlfield tag="003">NzReo</controlfield><controlfield tag="008">050714 n anznnbab|          || ana      </controlfield><datafield tag="040" ind1=" " ind2=" "><subfield code="a">Nz</subfield><subfield code="c">Nz</subfield><subfield code="f">reo</subfield></datafield><datafield tag="150" ind1=" " ind2=" "><subfield code="a">Pūkaea</subfield></datafield><datafield tag="450" ind1=" " ind2=" "><subfield code="a">Instruments, Wooden</subfield></datafield><datafield tag="450" ind1=" " ind2=" "><subfield code="a">Trumpets</subfield></datafield><datafield tag="450" ind1=" " ind2=" "><subfield code="a">Wooden instruments</subfield></datafield><datafield tag="550" ind1=" " ind2=" "><subfield code="a">Pahū</subfield></datafield><datafield tag="550" ind1=" " ind2=" "><subfield code="a">Tānemāhuta</subfield></datafield><datafield tag="550" ind1=" " ind2=" "><subfield code="a">Tūmatakōkiri</subfield></datafield><datafield tag="550" ind1=" " ind2=" "><subfield code="w">g</subfield><subfield code="a">Taonga pūoro</subfield></datafield><datafield tag="680" ind1=" " ind2=" "><subfield code="i">Whakamārama: Ko tēnei he taonga whakaara i ngā tangata. He taonga hanga mai i te rākau, ā, ko te nuinga o ēnei momo taonga whakatangitangi he roa rawa, he nui rawa hoki. No te whānau a Tūmatakōkiri.</subfield></datafield><datafield tag="680" ind1=" " ind2=" "><subfield code="i">Scope Note: This instrument was a trumpet-like instrument mainly used to alert people. It is made of wood and, compared with other instruments, is very long and large. Tūmatakōkiri is the guardian of this instrument.</subfield></datafield></record>