<record><leader>00000nz  a2200000n  4500</leader><controlfield tag="001">2046</controlfield><controlfield tag="003">NzReo</controlfield><controlfield tag="008">060524 n anznnbab|          || ana      </controlfield><datafield tag="040" ind1=" " ind2=" "><subfield code="a">Nz</subfield><subfield code="c">Nz</subfield><subfield code="f">reo</subfield></datafield><datafield tag="150" ind1=" " ind2=" "><subfield code="a">Pukanui</subfield></datafield><datafield tag="450" ind1=" " ind2=" "><subfield code="a">Puka</subfield></datafield><datafield tag="550" ind1=" " ind2=" "><subfield code="w">g</subfield><subfield code="a">Rākau whakauru</subfield></datafield><datafield tag="680" ind1=" " ind2=" "><subfield code="i">Whakamārama: He rākau tupu noa i ngā motu o Manawa Tāwhi me Marotere. Ko ngā rau he tino rarahi, he mātotoru, he mōhinuhinu.</subfield></datafield><datafield tag="680" ind1=" " ind2=" "><subfield code="i">Scope Note: A coastal tree found naturally at Three Kings Islands and the Hen and Chickens, but widely grown in gardens. It has very large, thick, glossy leaves. Meryta sinclairii.</subfield></datafield></record>