<record><leader>00000nz  a2200000n  4500</leader><controlfield tag="001">2830</controlfield><controlfield tag="003">NzReo</controlfield><controlfield tag="008">071213 n anznnbab|          || ana      </controlfield><datafield tag="040" ind1=" " ind2=" "><subfield code="a">Nz</subfield><subfield code="c">Nz</subfield><subfield code="f">reo</subfield></datafield><datafield tag="150" ind1=" " ind2=" "><subfield code="a">Pukapuka kāhui kōrero</subfield></datafield><datafield tag="450" ind1=" " ind2=" "><subfield code="a">Koioranga</subfield></datafield><datafield tag="450" ind1=" " ind2=" "><subfield code="a">Rārangi pukapuka</subfield></datafield><datafield tag="450" ind1=" " ind2=" "><subfield code="a">Bibliographies</subfield></datafield><datafield tag="550" ind1=" " ind2=" "><subfield code="w">g</subfield><subfield code="a">Tuhinga kōrero</subfield></datafield><datafield tag="680" ind1=" " ind2=" "><subfield code="i">Scope Note: Can be used for examples of bibliographies or for works about bibliographies.</subfield></datafield></record>