<record><leader>00000nz  a2200000n  4500</leader><controlfield tag="001">3910</controlfield><controlfield tag="003">NzReo</controlfield><controlfield tag="008">111215 n anznnbab|          || ana      </controlfield><datafield tag="040" ind1=" " ind2=" "><subfield code="a">Nz</subfield><subfield code="c">Nz</subfield><subfield code="f">reo</subfield></datafield><datafield tag="150" ind1=" " ind2=" "><subfield code="a">Pukapuka whakaahua</subfield></datafield><datafield tag="450" ind1=" " ind2=" "><subfield code="a">Pukapuka pikitia</subfield></datafield><datafield tag="450" ind1=" " ind2=" "><subfield code="a">Books, Picture</subfield></datafield><datafield tag="450" ind1=" " ind2=" "><subfield code="a">Picture books</subfield></datafield><datafield tag="550" ind1=" " ind2=" "><subfield code="a">Pakiwaituhi</subfield></datafield><datafield tag="550" ind1=" " ind2=" "><subfield code="a">Tango whakaahua</subfield></datafield><datafield tag="550" ind1=" " ind2=" "><subfield code="a">Whakaahua</subfield></datafield><datafield tag="550" ind1=" " ind2=" "><subfield code="w">g</subfield><subfield code="a">Tuhinga kōrero</subfield></datafield><datafield tag="680" ind1=" " ind2=" "><subfield code="i">Whakamārama: He momo kōrero i tāngia mai ki te whakaahua.</subfield></datafield><datafield tag="680" ind1=" " ind2=" "><subfield code="i">Scope Note: Picture books including fiction and legendary stories. Can be used for examples of picture books or for works about picture books. See also Pakiwaituhi (Graphic novels), Tango whakaahua (Photography) and Whakaahua (Images).</subfield></datafield></record>