<record><leader>00000nz  a2200000n  4500</leader><controlfield tag="001">1459</controlfield><controlfield tag="003">NzReo</controlfield><controlfield tag="008">060511 n anznnbab|          || ana      </controlfield><datafield tag="040" ind1=" " ind2=" "><subfield code="a">Nz</subfield><subfield code="c">Nz</subfield><subfield code="f">reo</subfield></datafield><datafield tag="150" ind1=" " ind2=" "><subfield code="a">Pūkeko</subfield></datafield><datafield tag="450" ind1=" " ind2=" "><subfield code="a">Pākura</subfield></datafield><datafield tag="450" ind1=" " ind2=" "><subfield code="a">Hens, Swamp</subfield></datafield><datafield tag="450" ind1=" " ind2=" "><subfield code="a">Swamp hens</subfield></datafield><datafield tag="450" ind1=" " ind2=" "><subfield code="a">Pūkaki</subfield></datafield><datafield tag="550" ind1=" " ind2=" "><subfield code="a">Pakura</subfield></datafield><datafield tag="550" ind1=" " ind2=" "><subfield code="w">g</subfield><subfield code="a">Manu repo</subfield></datafield><datafield tag="680" ind1=" " ind2=" "><subfield code="i">Whakamārama: He moho nui noho i te repo. He pango te tuarā, he poroporo te mata me te poho, he māwhero ngā waewae me ngā ngutu.</subfield></datafield><datafield tag="680" ind1=" " ind2=" "><subfield code="i">Scope Note: A large gallinule of swamplands. It has a black back, purple blue face and underparts and pink legs and beak. Porphyrio porphyrio melanotus.</subfield></datafield></record>