<record><leader>00000nz  a2200000n  4500</leader><controlfield tag="001">1562</controlfield><controlfield tag="003">NzReo</controlfield><controlfield tag="008">060524 n anznnbab|          || ana      </controlfield><datafield tag="040" ind1=" " ind2=" "><subfield code="a">Nz</subfield><subfield code="c">Nz</subfield><subfield code="f">reo</subfield></datafield><datafield tag="150" ind1=" " ind2=" "><subfield code="a">Pūkohu</subfield></datafield><datafield tag="450" ind1=" " ind2=" "><subfield code="a">Pūkahu</subfield></datafield><datafield tag="450" ind1=" " ind2=" "><subfield code="a">Pūkohukohu</subfield></datafield><datafield tag="450" ind1=" " ind2=" "><subfield code="a">Toropapa pūkahu</subfield></datafield><datafield tag="450" ind1=" " ind2=" "><subfield code="a">Mosses</subfield></datafield><datafield tag="550" ind1=" " ind2=" "><subfield code="a">Aka</subfield></datafield><datafield tag="550" ind1=" " ind2=" "><subfield code="a">Huruhuru whenua</subfield></datafield><datafield tag="550" ind1=" " ind2=" "><subfield code="a">Mauwha</subfield></datafield><datafield tag="550" ind1=" " ind2=" "><subfield code="a">Otaota</subfield></datafield><datafield tag="550" ind1=" " ind2=" "><subfield code="a">Otaota hāwere</subfield></datafield><datafield tag="550" ind1=" " ind2=" "><subfield code="a">Whara</subfield></datafield><datafield tag="550" ind1=" " ind2=" "><subfield code="w">g</subfield><subfield code="a">Te Wao nui a Tāne</subfield></datafield><datafield tag="550" ind1=" " ind2=" "><subfield code="w">h</subfield><subfield code="a">Angiangi</subfield></datafield><datafield tag="550" ind1=" " ind2=" "><subfield code="w">h</subfield><subfield code="a">Manehurangi</subfield></datafield><datafield tag="550" ind1=" " ind2=" "><subfield code="w">h</subfield><subfield code="a">Pāhau kākāpo</subfield></datafield><datafield tag="550" ind1=" " ind2=" "><subfield code="w">h</subfield><subfield code="a">Wheuwheu</subfield></datafield><datafield tag="680" ind1=" " ind2=" "><subfield code="i">Whakamārama: Ko ngā otaota ririki tupu i te whenua mākūkū, i runga i ngā rākau, piri ki ngā kōhatu.</subfield></datafield><datafield tag="680" ind1=" " ind2=" "><subfield code="i">Scope Note: A general term for small mosses and similar plants growing in wet places on the ground, on trees and stones.</subfield></datafield></record>