<record><leader>00000nz  a2200000n  4500</leader><controlfield tag="001">1117</controlfield><controlfield tag="003">NzReo</controlfield><controlfield tag="008">060331 n anznnbab|          || ana      </controlfield><datafield tag="040" ind1=" " ind2=" "><subfield code="a">Nz</subfield><subfield code="c">Nz</subfield><subfield code="f">reo</subfield></datafield><datafield tag="150" ind1=" " ind2=" "><subfield code="a">Pūkōrero</subfield></datafield><datafield tag="450" ind1=" " ind2=" "><subfield code="a">Orators</subfield></datafield><datafield tag="550" ind1=" " ind2=" "><subfield code="a">Whaikōrero</subfield></datafield><datafield tag="550" ind1=" " ind2=" "><subfield code="w">g</subfield><subfield code="a">Tāngata</subfield></datafield><datafield tag="680" ind1=" " ind2=" "><subfield code="i">Whakamārama: He tangata mātau, mana te kupu, ataahua te whakatakoto i te kōrero.</subfield></datafield><datafield tag="680" ind1=" " ind2=" "><subfield code="i">Scope Note: A person skilled in oratory.</subfield></datafield></record>