<record><leader>00000nz  a2200000n  4500</leader><controlfield tag="001">4830</controlfield><controlfield tag="003">NzReo</controlfield><controlfield tag="008">160531 n anznnbab|          || ana      </controlfield><datafield tag="040" ind1=" " ind2=" "><subfield code="a">Nz</subfield><subfield code="c">Nz</subfield><subfield code="f">reo</subfield></datafield><datafield tag="150" ind1=" " ind2=" "><subfield code="a">Pūmanawa</subfield></datafield><datafield tag="450" ind1=" " ind2=" "><subfield code="a">Parapara (Pūmanawa)</subfield></datafield><datafield tag="450" ind1=" " ind2=" "><subfield code="a">Giftedness</subfield></datafield><datafield tag="450" ind1=" " ind2=" "><subfield code="a">Natural talents</subfield></datafield><datafield tag="450" ind1=" " ind2=" "><subfield code="a">Talents, Natural</subfield></datafield><datafield tag="550" ind1=" " ind2=" "><subfield code="a">Mōhiotanga</subfield></datafield><datafield tag="550" ind1=" " ind2=" "><subfield code="a">Pūkengatanga</subfield></datafield><datafield tag="550" ind1=" " ind2=" "><subfield code="w">g</subfield><subfield code="a">Mana tangata</subfield></datafield><datafield tag="680" ind1=" " ind2=" "><subfield code="i">Whakamārama: He mātauranga, he mōhiotanga e noho māori mai ana ki te tangata, e tere mau ai i a ia tētahi mahi, e tino tau ai ia ki taua mahi.</subfield></datafield></record>