<record><leader>00000nz  a2200000n  4500</leader><controlfield tag="001">4603</controlfield><controlfield tag="003">NzReo</controlfield><controlfield tag="008">150909 n anznnbab|          || ana      </controlfield><datafield tag="040" ind1=" " ind2=" "><subfield code="a">Nz</subfield><subfield code="c">Nz</subfield><subfield code="f">reo</subfield></datafield><datafield tag="150" ind1=" " ind2=" "><subfield code="a">Pūmanawa tautono</subfield></datafield><datafield tag="450" ind1=" " ind2=" "><subfield code="a">Taupānga</subfield></datafield><datafield tag="450" ind1=" " ind2=" "><subfield code="a">Applications, Software</subfield></datafield><datafield tag="450" ind1=" " ind2=" "><subfield code="a">Apps, Mobile</subfield></datafield><datafield tag="450" ind1=" " ind2=" "><subfield code="a">Mobile apps</subfield></datafield><datafield tag="450" ind1=" " ind2=" "><subfield code="a">Software applications</subfield></datafield><datafield tag="550" ind1=" " ind2=" "><subfield code="w">g</subfield><subfield code="a">Hangarau mōhiohio</subfield></datafield><datafield tag="680" ind1=" " ind2=" "><subfield code="i">Scope Note: Software applications, including mobile apps.</subfield></datafield></record>