<record><leader>00000nz  a2200000n  4500</leader><controlfield tag="001">610</controlfield><controlfield tag="003">NzReo</controlfield><controlfield tag="008">050714 n anznnbab|          || ana      </controlfield><datafield tag="040" ind1=" " ind2=" "><subfield code="a">Nz</subfield><subfield code="c">Nz</subfield><subfield code="f">reo</subfield></datafield><datafield tag="150" ind1=" " ind2=" "><subfield code="a">Pūmotomoto</subfield></datafield><datafield tag="450" ind1=" " ind2=" "><subfield code="a">Flutes</subfield></datafield><datafield tag="550" ind1=" " ind2=" "><subfield code="a">Hineraukatauri</subfield></datafield><datafield tag="550" ind1=" " ind2=" "><subfield code="a">Kōauau</subfield></datafield><datafield tag="550" ind1=" " ind2=" "><subfield code="a">Kōauau ponga ihu</subfield></datafield><datafield tag="550" ind1=" " ind2=" "><subfield code="a">Nguru</subfield></datafield><datafield tag="550" ind1=" " ind2=" "><subfield code="a">Ororuarangi</subfield></datafield><datafield tag="550" ind1=" " ind2=" "><subfield code="a">Ponga ihu</subfield></datafield><datafield tag="550" ind1=" " ind2=" "><subfield code="a">Pōrutu</subfield></datafield><datafield tag="550" ind1=" " ind2=" "><subfield code="a">Pūtōrino</subfield></datafield><datafield tag="550" ind1=" " ind2=" "><subfield code="a">Rehu</subfield></datafield><datafield tag="550" ind1=" " ind2=" "><subfield code="w">g</subfield><subfield code="a">Taonga pūoro</subfield></datafield><datafield tag="550" ind1=" " ind2=" "><subfield code="w">g</subfield><subfield code="a">Whare whakairo</subfield></datafield><datafield tag="680" ind1=" " ind2=" "><subfield code="i">Whakamārama: I ōnehe, he ahua pūare te pūmotomoto i te tuanui o te whare ki runga ake i te tatau. He tikanga anō mo tēnā.</subfield></datafield><datafield tag="680" ind1=" " ind2=" "><subfield code="i">Scope Note: Traditionally, this was an opening in the roof of the meeting house, usually near the door.</subfield></datafield></record>