<record><leader>00000nz  a2200000n  4500</leader><controlfield tag="001">4294</controlfield><controlfield tag="003">NzReo</controlfield><controlfield tag="008">140902 n anznnbab|          || ana      </controlfield><datafield tag="040" ind1=" " ind2=" "><subfield code="a">Nz</subfield><subfield code="c">Nz</subfield><subfield code="f">reo</subfield></datafield><datafield tag="150" ind1=" " ind2=" "><subfield code="a">Pūmotu</subfield></datafield><datafield tag="450" ind1=" " ind2=" "><subfield code="a">Chemical elements</subfield></datafield><datafield tag="450" ind1=" " ind2=" "><subfield code="a">Elements, Chemical</subfield></datafield><datafield tag="550" ind1=" " ind2=" "><subfield code="w">g</subfield><subfield code="a">Mātauranga matū</subfield></datafield><datafield tag="680" ind1=" " ind2=" "><subfield code="i">Whakamārama: Āhua 109 ngā pūmotu e mōhiotia ana, ko te 'hauwai' te mea tuatahi.</subfield></datafield><datafield tag="680" ind1=" " ind2=" "><subfield code="i">Scope Note: There are around 109 known chemical elements, the first of which is hydrogen.</subfield></datafield></record>