<record><leader>00000nz  a2200000n  4500</leader><controlfield tag="001">2508</controlfield><controlfield tag="003">NzReo</controlfield><controlfield tag="008">060531 n anznnbab|          || ana      </controlfield><datafield tag="040" ind1=" " ind2=" "><subfield code="a">Nz</subfield><subfield code="c">Nz</subfield><subfield code="f">reo</subfield></datafield><datafield tag="150" ind1=" " ind2=" "><subfield code="a">Puna waimāori</subfield></datafield><datafield tag="450" ind1=" " ind2=" "><subfield code="a">Kōmanawa</subfield></datafield><datafield tag="450" ind1=" " ind2=" "><subfield code="a">Manawa whenua</subfield></datafield><datafield tag="450" ind1=" " ind2=" "><subfield code="a">Matatiki</subfield></datafield><datafield tag="450" ind1=" " ind2=" "><subfield code="a">Mātāwai</subfield></datafield><datafield tag="450" ind1=" " ind2=" "><subfield code="a">Wai puna</subfield></datafield><datafield tag="450" ind1=" " ind2=" "><subfield code="a">Freshwater springs</subfield></datafield><datafield tag="450" ind1=" " ind2=" "><subfield code="a">Springs, Freshwater</subfield></datafield><datafield tag="550" ind1=" " ind2=" "><subfield code="a">Pininga</subfield></datafield><datafield tag="550" ind1=" " ind2=" "><subfield code="a">Waiariki</subfield></datafield><datafield tag="550" ind1=" " ind2=" "><subfield code="w">g</subfield><subfield code="a">Wai</subfield></datafield><datafield tag="550" ind1=" " ind2=" "><subfield code="w">h</subfield><subfield code="a">Awa kōpaka</subfield></datafield><datafield tag="550" ind1=" " ind2=" "><subfield code="w">h</subfield><subfield code="a">Mātāpuna</subfield></datafield><datafield tag="680" ind1=" " ind2=" "><subfield code="i">Whakamārama: He puna waimāori he manawa whenua.</subfield></datafield><datafield tag="680" ind1=" " ind2=" "><subfield code="i">Scope Note: Places where water flows naturally from soil or rocks; natural freshwater springs.</subfield></datafield></record>