<record><leader>00000nz  a2200000n  4500</leader><controlfield tag="001">2887</controlfield><controlfield tag="003">NzReo</controlfield><controlfield tag="008">091030 n anznnbab|          || ana      </controlfield><datafield tag="040" ind1=" " ind2=" "><subfield code="a">Nz</subfield><subfield code="c">Nz</subfield><subfield code="f">reo</subfield></datafield><datafield tag="150" ind1=" " ind2=" "><subfield code="a">Pūnaha arahau</subfield></datafield><datafield tag="450" ind1=" " ind2=" "><subfield code="a">Ara whēkau</subfield></datafield><datafield tag="450" ind1=" " ind2=" "><subfield code="a">Respiratory system</subfield></datafield><datafield tag="550" ind1=" " ind2=" "><subfield code="w">g</subfield><subfield code="a">Tinana</subfield></datafield><datafield tag="680" ind1=" " ind2=" "><subfield code="i">Whakamārama: Ko ngā whēkau me ngā pūtautau e taea ai te hēhē.</subfield></datafield><datafield tag="680" ind1=" " ind2=" "><subfield code="i">Scope Note: The organs and tissues associated with breathing.</subfield></datafield></record>