<record><leader>00000nz  a2200000n  4500</leader><controlfield tag="001">2891</controlfield><controlfield tag="003">NzReo</controlfield><controlfield tag="008">091030 n anznnbab|          || ana      </controlfield><datafield tag="040" ind1=" " ind2=" "><subfield code="a">Nz</subfield><subfield code="c">Nz</subfield><subfield code="f">reo</subfield></datafield><datafield tag="150" ind1=" " ind2=" "><subfield code="a">Pūnaha toto</subfield></datafield><datafield tag="450" ind1=" " ind2=" "><subfield code="a">Ara toto</subfield></datafield><datafield tag="450" ind1=" " ind2=" "><subfield code="a">Cardiovascular system</subfield></datafield><datafield tag="450" ind1=" " ind2=" "><subfield code="a">Circulatory system</subfield></datafield><datafield tag="550" ind1=" " ind2=" "><subfield code="w">g</subfield><subfield code="a">Tinana</subfield></datafield><datafield tag="680" ind1=" " ind2=" "><subfield code="i">Whakamārama: Ko te manawa me ngā ia-toto e kawea ai te toto, ngā taiora o roto me te hāora ki ngā wāhi katoa o te tinana.</subfield></datafield><datafield tag="680" ind1=" " ind2=" "><subfield code="i">Scope Note: The heart and the blood vessels which transport blood, nutrients and oxygen to all parts of the body.</subfield></datafield></record>