<record><leader>00000nz  a2200000n  4500</leader><controlfield tag="001">3446</controlfield><controlfield tag="003">NzReo</controlfield><controlfield tag="008">101221 n anznnbab|          || ana      </controlfield><datafield tag="040" ind1=" " ind2=" "><subfield code="a">Nz</subfield><subfield code="c">Nz</subfield><subfield code="f">reo</subfield></datafield><datafield tag="150" ind1=" " ind2=" "><subfield code="a">Pūnaha ture taihara</subfield></datafield><datafield tag="450" ind1=" " ind2=" "><subfield code="a">Tīpokapoka o te ture</subfield></datafield><datafield tag="450" ind1=" " ind2=" "><subfield code="a">Criminal justice system</subfield></datafield><datafield tag="550" ind1=" " ind2=" "><subfield code="a">Hara</subfield></datafield><datafield tag="550" ind1=" " ind2=" "><subfield code="a">Ture hara</subfield></datafield><datafield tag="550" ind1=" " ind2=" "><subfield code="w">g</subfield><subfield code="a">Ture</subfield></datafield><datafield tag="550" ind1=" " ind2=" "><subfield code="w">h</subfield><subfield code="a">Mahi tūtei</subfield></datafield><datafield tag="550" ind1=" " ind2=" "><subfield code="w">h</subfield><subfield code="a">Mahi whakaauraki</subfield></datafield><datafield tag="550" ind1=" " ind2=" "><subfield code="w">h</subfield><subfield code="a">Whare herehere</subfield></datafield><datafield tag="680" ind1=" " ind2=" "><subfield code="i">Whakamārama: Ko te mahi i waenganui i ngā tari whakahaere e toru, pērā i te pirihimana, i ngā kōti, i ngā whare whakaauraki hoki kia whakatau ai ngā kawa o te ture i roto i ngā hapori whānui.</subfield></datafield><datafield tag="680" ind1=" " ind2=" "><subfield code="i">Scope Note: The collaborative operation between three distinct agencies; law enforcement, adjudication and corrections, to maintain the rule of law within society.</subfield></datafield></record>