<record><leader>00000nz  a2200000n  4500</leader><controlfield tag="001">237</controlfield><controlfield tag="003">NzReo</controlfield><controlfield tag="008">060607 n anznnbab|          || ana      </controlfield><datafield tag="040" ind1=" " ind2=" "><subfield code="a">Nz</subfield><subfield code="c">Nz</subfield><subfield code="f">reo</subfield></datafield><datafield tag="150" ind1=" " ind2=" "><subfield code="a">Pūngao hiko</subfield></datafield><datafield tag="450" ind1=" " ind2=" "><subfield code="a">Electrical energy</subfield></datafield><datafield tag="450" ind1=" " ind2=" "><subfield code="a">Energy, Electrical</subfield></datafield><datafield tag="550" ind1=" " ind2=" "><subfield code="a">Hiko</subfield></datafield><datafield tag="550" ind1=" " ind2=" "><subfield code="a">Pūngao karihi</subfield></datafield><datafield tag="550" ind1=" " ind2=" "><subfield code="a">Pūngao kōmaru</subfield></datafield><datafield tag="550" ind1=" " ind2=" "><subfield code="w">g</subfield><subfield code="a">Pūngao</subfield></datafield><datafield tag="680" ind1=" " ind2=" "><subfield code="i">Whakamārama: Te kaha o te hiko hei whakakāngia i ngā mea e hiahia ana i te hiko.</subfield></datafield><datafield tag="680" ind1=" " ind2=" "><subfield code="i">Scope Note: The power harnessed from a source such as coal, water, or wind, to create electrical energy.</subfield></datafield></record>