<record><leader>00000nz  a2200000n  4500</leader><controlfield tag="001">236</controlfield><controlfield tag="003">NzReo</controlfield><controlfield tag="008">060607 n anznnbab|          || ana      </controlfield><datafield tag="040" ind1=" " ind2=" "><subfield code="a">Nz</subfield><subfield code="c">Nz</subfield><subfield code="f">reo</subfield></datafield><datafield tag="150" ind1=" " ind2=" "><subfield code="a">Pūngao kōmaru</subfield></datafield><datafield tag="450" ind1=" " ind2=" "><subfield code="a">Energy, Solar</subfield></datafield><datafield tag="450" ind1=" " ind2=" "><subfield code="a">Solar energy</subfield></datafield><datafield tag="550" ind1=" " ind2=" "><subfield code="a">Pūngao hiko</subfield></datafield><datafield tag="550" ind1=" " ind2=" "><subfield code="a">Pūngao karihi</subfield></datafield><datafield tag="550" ind1=" " ind2=" "><subfield code="a">Rā</subfield></datafield><datafield tag="550" ind1=" " ind2=" "><subfield code="a">Tama-nui-te-rā</subfield></datafield><datafield tag="550" ind1=" " ind2=" "><subfield code="w">g</subfield><subfield code="a">Pūngao</subfield></datafield><datafield tag="680" ind1=" " ind2=" "><subfield code="i">Whakamārama: E hihiri ana a Tama-nui-te-rā hei momo hiko mo te ao.</subfield></datafield><datafield tag="680" ind1=" " ind2=" "><subfield code="i">Scope Note: The energy from the sun's rays.</subfield></datafield></record>