<record><leader>00000nz  a2200000n  4500</leader><controlfield tag="001">242</controlfield><controlfield tag="003">NzReo</controlfield><controlfield tag="008">060607 n anznnbab|          || ana      </controlfield><datafield tag="040" ind1=" " ind2=" "><subfield code="a">Nz</subfield><subfield code="c">Nz</subfield><subfield code="f">reo</subfield></datafield><datafield tag="150" ind1=" " ind2=" "><subfield code="a">Pūngao ngāwhā</subfield></datafield><datafield tag="450" ind1=" " ind2=" "><subfield code="a">Pūngao puia</subfield></datafield><datafield tag="450" ind1=" " ind2=" "><subfield code="a">Energy, Geothermal</subfield></datafield><datafield tag="450" ind1=" " ind2=" "><subfield code="a">Geothermal energy</subfield></datafield><datafield tag="550" ind1=" " ind2=" "><subfield code="a">Papatūānuku</subfield></datafield><datafield tag="550" ind1=" " ind2=" "><subfield code="a">Rūaumoko</subfield></datafield><datafield tag="550" ind1=" " ind2=" "><subfield code="a">Whenua</subfield></datafield><datafield tag="550" ind1=" " ind2=" "><subfield code="w">g</subfield><subfield code="a">Pūngao</subfield></datafield><datafield tag="680" ind1=" " ind2=" "><subfield code="i">Whakamārama: Te kaha o ngā waiāriki, e ngā ahi tipua.</subfield></datafield><datafield tag="680" ind1=" " ind2=" "><subfield code="i">Scope Note: Geothermal energy.</subfield></datafield></record>