<record><leader>00000nz  a2200000n  4500</leader><controlfield tag="001">4008</controlfield><controlfield tag="003">NzReo</controlfield><controlfield tag="008">120501 n anznnbab|          || ana      </controlfield><datafield tag="040" ind1=" " ind2=" "><subfield code="a">Nz</subfield><subfield code="c">Nz</subfield><subfield code="f">reo</subfield></datafield><datafield tag="150" ind1=" " ind2=" "><subfield code="a">Pungāwerewere</subfield></datafield><datafield tag="450" ind1=" " ind2=" "><subfield code="a">Pūngaiwerewere</subfield></datafield><datafield tag="450" ind1=" " ind2=" "><subfield code="a">Spiders</subfield></datafield><datafield tag="550" ind1=" " ind2=" "><subfield code="w">g</subfield><subfield code="a">Aitanga pepeke</subfield></datafield><datafield tag="550" ind1=" " ind2=" "><subfield code="w">h</subfield><subfield code="a">Katipō</subfield></datafield><datafield tag="680" ind1=" " ind2=" "><subfield code="i">Whakamārama: He ngārara tōpuku te tinana, e waru ngā waewae, he hanga māwhaiwhai te nuinga hei hopu kai mā rātou.</subfield></datafield></record>