<record><leader>00000nz  a2200000n  4500</leader><controlfield tag="001">4530</controlfield><controlfield tag="003">NzReo</controlfield><controlfield tag="008">150424 n anznnbab|          || ana      </controlfield><datafield tag="040" ind1=" " ind2=" "><subfield code="a">Nz</subfield><subfield code="c">Nz</subfield><subfield code="f">reo</subfield></datafield><datafield tag="150" ind1=" " ind2=" "><subfield code="a">Pūoro</subfield></datafield><datafield tag="450" ind1=" " ind2=" "><subfield code="a">Music</subfield></datafield><datafield tag="550" ind1=" " ind2=" "><subfield code="a">Pūoro ā rorohiko</subfield></datafield><datafield tag="550" ind1=" " ind2=" "><subfield code="a">Pūoro reo</subfield></datafield><datafield tag="550" ind1=" " ind2=" "><subfield code="a">Pūoro tene</subfield></datafield><datafield tag="550" ind1=" " ind2=" "><subfield code="a">Taonga pūoro</subfield></datafield><datafield tag="550" ind1=" " ind2=" "><subfield code="w">g</subfield><subfield code="a">Mahi ā Rēhia</subfield></datafield><datafield tag="550" ind1=" " ind2=" "><subfield code="w">g</subfield><subfield code="a">Waka toi</subfield></datafield></record>