<record><leader>00000nz  a2200000n  4500</leader><controlfield tag="001">4194</controlfield><controlfield tag="003">NzReo</controlfield><controlfield tag="008">131015 n anznnbab|          || ana      </controlfield><datafield tag="040" ind1=" " ind2=" "><subfield code="a">Nz</subfield><subfield code="c">Nz</subfield><subfield code="f">reo</subfield></datafield><datafield tag="150" ind1=" " ind2=" "><subfield code="a">Pūoro ā rorohiko</subfield></datafield><datafield tag="450" ind1=" " ind2=" "><subfield code="a">Electronic music</subfield></datafield><datafield tag="450" ind1=" " ind2=" "><subfield code="a">Music, Electronic</subfield></datafield><datafield tag="550" ind1=" " ind2=" "><subfield code="a">Pūoro</subfield></datafield><datafield tag="550" ind1=" " ind2=" "><subfield code="a">Taonga whakatangitangi</subfield></datafield><datafield tag="550" ind1=" " ind2=" "><subfield code="w">g</subfield><subfield code="a">Waka toi</subfield></datafield><datafield tag="680" ind1=" " ind2=" "><subfield code="i">Scope Note: Electronically created music.</subfield></datafield></record>