<record><leader>00000nz  a2200000n  4500</leader><controlfield tag="001">4206</controlfield><controlfield tag="003">NzReo</controlfield><controlfield tag="008">131015 n anznnbab|          || ana      </controlfield><datafield tag="040" ind1=" " ind2=" "><subfield code="a">Nz</subfield><subfield code="c">Nz</subfield><subfield code="f">reo</subfield></datafield><datafield tag="150" ind1=" " ind2=" "><subfield code="a">Pūoro ataata</subfield></datafield><datafield tag="450" ind1=" " ind2=" "><subfield code="a">Music videos</subfield></datafield><datafield tag="450" ind1=" " ind2=" "><subfield code="a">Videos, Music</subfield></datafield><datafield tag="550" ind1=" " ind2=" "><subfield code="w">g</subfield><subfield code="a">Kiriata</subfield></datafield><datafield tag="550" ind1=" " ind2=" "><subfield code="w">g</subfield><subfield code="a">Waiata</subfield></datafield><datafield tag="680" ind1=" " ind2=" "><subfield code="i">Scope Note: Can be used for examples of music videos or for works about music videos.</subfield></datafield></record>