<record><leader>00000nz  a2200000n  4500</leader><controlfield tag="001">3531</controlfield><controlfield tag="003">NzReo</controlfield><controlfield tag="008">101223 n anznnbab|          || ana      </controlfield><datafield tag="040" ind1=" " ind2=" "><subfield code="a">Nz</subfield><subfield code="c">Nz</subfield><subfield code="f">reo</subfield></datafield><datafield tag="150" ind1=" " ind2=" "><subfield code="a">Pūoro reo</subfield></datafield><datafield tag="450" ind1=" " ind2=" "><subfield code="a">Instrumental music</subfield></datafield><datafield tag="450" ind1=" " ind2=" "><subfield code="a">Music, Instrumental</subfield></datafield><datafield tag="550" ind1=" " ind2=" "><subfield code="a">Pūoro</subfield></datafield><datafield tag="550" ind1=" " ind2=" "><subfield code="a">Taonga whakatangitangi</subfield></datafield><datafield tag="550" ind1=" " ind2=" "><subfield code="a">Waiata</subfield></datafield><datafield tag="550" ind1=" " ind2=" "><subfield code="w">g</subfield><subfield code="a">Taonga pūoro</subfield></datafield><datafield tag="680" ind1=" " ind2=" "><subfield code="i">Scope Note: Māori instrumental music, or music which features Māori instruments. See also: Taonga pūoro (Traditional musical instruments).</subfield></datafield></record>