<record><leader>00000nz  a2200000n  4500</leader><controlfield tag="001">4343</controlfield><controlfield tag="003">NzReo</controlfield><controlfield tag="008">140902 n anznnbab|          || ana      </controlfield><datafield tag="040" ind1=" " ind2=" "><subfield code="a">Nz</subfield><subfield code="c">Nz</subfield><subfield code="f">reo</subfield></datafield><datafield tag="150" ind1=" " ind2=" "><subfield code="a">Pūoro tene</subfield></datafield><datafield tag="450" ind1=" " ind2=" "><subfield code="a">Ani titiko</subfield></datafield><datafield tag="450" ind1=" " ind2=" "><subfield code="a">Wai oro tene</subfield></datafield><datafield tag="450" ind1=" " ind2=" "><subfield code="a">Improvised music</subfield></datafield><datafield tag="450" ind1=" " ind2=" "><subfield code="a">Jazz</subfield></datafield><datafield tag="450" ind1=" " ind2=" "><subfield code="a">Music, Improvised</subfield></datafield><datafield tag="550" ind1=" " ind2=" "><subfield code="a">Pūoro</subfield></datafield><datafield tag="550" ind1=" " ind2=" "><subfield code="w">g</subfield><subfield code="a">Waka toi</subfield></datafield><datafield tag="680" ind1=" " ind2=" "><subfield code="i">Scope Note: Use for improvised forms of music such as jazz.</subfield></datafield></record>