<record><leader>00000nz  a2200000n  4500</leader><controlfield tag="001">632</controlfield><controlfield tag="003">NzReo</controlfield><controlfield tag="008">050714 n anznnbab|          || ana      </controlfield><datafield tag="040" ind1=" " ind2=" "><subfield code="a">Nz</subfield><subfield code="c">Nz</subfield><subfield code="f">reo</subfield></datafield><datafield tag="150" ind1=" " ind2=" "><subfield code="a">Pūpakapaka</subfield></datafield><datafield tag="450" ind1=" " ind2=" "><subfield code="a">Instruments, Shell</subfield></datafield><datafield tag="450" ind1=" " ind2=" "><subfield code="a">Shell instruments</subfield></datafield><datafield tag="450" ind1=" " ind2=" "><subfield code="a">Trumpets</subfield></datafield><datafield tag="550" ind1=" " ind2=" "><subfield code="a">Hinemoana</subfield></datafield><datafield tag="550" ind1=" " ind2=" "><subfield code="a">Pūmoana</subfield></datafield><datafield tag="550" ind1=" " ind2=" "><subfield code="a">Pūtātara</subfield></datafield><datafield tag="550" ind1=" " ind2=" "><subfield code="w">g</subfield><subfield code="a">Taonga pūoro</subfield></datafield><datafield tag="680" ind1=" " ind2=" "><subfield code="i">Whakamārama: Pērā ki te pūtatara, he anga wahanui no te moana o Tangaroa engari he roa rawa te paewai e tāpiri ana.</subfield></datafield><datafield tag="680" ind1=" " ind2=" "><subfield code="i">Scope Note: Similar to the pūtatara, this trumpet-like instrument has a much longer wooden mouthpiece.</subfield></datafield></record>