<record><leader>00000nz  a2200000n  4500</leader><controlfield tag="001">669</controlfield><controlfield tag="003">NzReo</controlfield><controlfield tag="008">050714 n anznnbab|          || ana      </controlfield><datafield tag="040" ind1=" " ind2=" "><subfield code="a">Nz</subfield><subfield code="c">Nz</subfield><subfield code="f">reo</subfield></datafield><datafield tag="150" ind1=" " ind2=" "><subfield code="a">Pūpū harakeke</subfield></datafield><datafield tag="450" ind1=" " ind2=" "><subfield code="a">Flax snails</subfield></datafield><datafield tag="450" ind1=" " ind2=" "><subfield code="a">Snails, Flax</subfield></datafield><datafield tag="550" ind1=" " ind2=" "><subfield code="a">Pūpū harakeke (Taonga pūoro)</subfield></datafield><datafield tag="550" ind1=" " ind2=" "><subfield code="w">g</subfield><subfield code="a">Pūpū whenua</subfield></datafield><datafield tag="680" ind1=" " ind2=" "><subfield code="i">Whakamārama: He hātaretare whai whare tōrino te hanga, 10 henemita, he noho i raro harakeke, he kōkōwai te anga, he ngutu kahotea, he karaka te waha o te anga. Kei te Tai Tokerau noa iho e noho ana.</subfield></datafield><datafield tag="680" ind1=" " ind2=" "><subfield code="i">Scope Note: Type of landsnail with a moderately large dark reddish-brown shell, white lined edge, and a creamy-buff lip, with the interior of the aperture orange to bright red, and found only in the Northland/Te Tai Tokerau region. Placostylus hongii.</subfield></datafield></record>