<record><leader>00000nz  a2200000n  4500</leader><controlfield tag="001">2444</controlfield><controlfield tag="003">NzReo</controlfield><controlfield tag="008">060531 n anznnbab|          || ana      </controlfield><datafield tag="040" ind1=" " ind2=" "><subfield code="a">Nz</subfield><subfield code="c">Nz</subfield><subfield code="f">reo</subfield></datafield><datafield tag="150" ind1=" " ind2=" "><subfield code="a">Pūpū rangi</subfield></datafield><datafield tag="450" ind1=" " ind2=" "><subfield code="a">Kauri snails</subfield></datafield><datafield tag="450" ind1=" " ind2=" "><subfield code="a">Snails, Kauri</subfield></datafield><datafield tag="550" ind1=" " ind2=" "><subfield code="a">Pūpū kauri</subfield></datafield><datafield tag="550" ind1=" " ind2=" "><subfield code="w">g</subfield><subfield code="a">Pūpū whenua</subfield></datafield><datafield tag="680" ind1=" " ind2=" "><subfield code="i">Whakamārama: He pūpū whenua tino rārahi, he pāraharaha. He hāurapango te anga, he hina te putoko. Kei Te Tai Tokerau anake tēnei pūpū.</subfield></datafield><datafield tag="680" ind1=" " ind2=" "><subfield code="i">Scope Note: A large dark green/brown to blackish landsnail found in Te Tai Tokerau. The animal is grey and the shell is flattened. Paryphanta busbyi.</subfield></datafield></record>