<record><leader>00000nz  a2200000n  4500</leader><controlfield tag="001">1125</controlfield><controlfield tag="003">NzReo</controlfield><controlfield tag="008">060331 n anznnbab|          || ana      </controlfield><datafield tag="040" ind1=" " ind2=" "><subfield code="a">Nz</subfield><subfield code="c">Nz</subfield><subfield code="f">reo</subfield></datafield><datafield tag="150" ind1=" " ind2=" "><subfield code="a">Pūrākau</subfield></datafield><datafield tag="450" ind1=" " ind2=" "><subfield code="a">Legends</subfield></datafield><datafield tag="450" ind1=" " ind2=" "><subfield code="a">Myths</subfield></datafield><datafield tag="550" ind1=" " ind2=" "><subfield code="a">Hawaiiki</subfield></datafield><datafield tag="550" ind1=" " ind2=" "><subfield code="a">Ōrokohanga o te ao</subfield></datafield><datafield tag="550" ind1=" " ind2=" "><subfield code="a">Pakiwaitara</subfield></datafield><datafield tag="550" ind1=" " ind2=" "><subfield code="a">Tuhinga auaha</subfield></datafield><datafield tag="550" ind1=" " ind2=" "><subfield code="a">Tumu kōrero</subfield></datafield><datafield tag="550" ind1=" " ind2=" "><subfield code="w">g</subfield><subfield code="a">Tuhinga kōrero</subfield></datafield><datafield tag="680" ind1=" " ind2=" "><subfield code="i">Whakamārama: Ko ngā kōrero o nehe rā, he kōrero pakiwaitara, he kōrero patupaiarehe.</subfield></datafield><datafield tag="680" ind1=" " ind2=" "><subfield code="i">Scope Note: Traditional, historical and legendary stories of Māori. 'True' stories as opposed to fictional.</subfield></datafield></record>