<record><leader>00000nz  a2200000n  4500</leader><controlfield tag="001">380</controlfield><controlfield tag="003">NzReo</controlfield><controlfield tag="008">050506 n anznnbab|          || ana      </controlfield><datafield tag="040" ind1=" " ind2=" "><subfield code="a">Nz</subfield><subfield code="c">Nz</subfield><subfield code="f">reo</subfield></datafield><datafield tag="150" ind1=" " ind2=" "><subfield code="a">Pūrere</subfield></datafield><datafield tag="550" ind1=" " ind2=" "><subfield code="a">Puhi waka</subfield></datafield><datafield tag="550" ind1=" " ind2=" "><subfield code="a">Raukura</subfield></datafield><datafield tag="550" ind1=" " ind2=" "><subfield code="w">g</subfield><subfield code="a">Waka</subfield></datafield><datafield tag="680" ind1=" " ind2=" "><subfield code="i">Whakamārama: He huruhuru manu ka whakauruurua ki ngā rauawa o te waka taua hei whakapaipai.</subfield></datafield><datafield tag="680" ind1=" " ind2=" "><subfield code="i">Scope Note: Tufts of feathers ornamenting the rauawa of a waka taua/war canoe.</subfield></datafield></record>