<record><leader>00000nz  a2200000n  4500</leader><controlfield tag="001">2184</controlfield><controlfield tag="003">NzReo</controlfield><controlfield tag="008">060530 n anznnbab|          || ana      </controlfield><datafield tag="040" ind1=" " ind2=" "><subfield code="a">Nz</subfield><subfield code="c">Nz</subfield><subfield code="f">reo</subfield></datafield><datafield tag="150" ind1=" " ind2=" "><subfield code="a">Pūrerehua</subfield></datafield><datafield tag="450" ind1=" " ind2=" "><subfield code="a">Butterflies</subfield></datafield><datafield tag="450" ind1=" " ind2=" "><subfield code="a">Moths</subfield></datafield><datafield tag="550" ind1=" " ind2=" "><subfield code="w">g</subfield><subfield code="a">Aitanga pepeke</subfield></datafield><datafield tag="680" ind1=" " ind2=" "><subfield code="i">Whakamārama: Ko ngā momo pēpepe, hīhue rānei.</subfield></datafield><datafield tag="680" ind1=" " ind2=" "><subfield code="i">Scope Note: A general term for butterflies and moths.</subfield></datafield></record>