<record><leader>00000nz  a2200000n  4500</leader><controlfield tag="001">634</controlfield><controlfield tag="003">NzReo</controlfield><controlfield tag="008">050714 n anznnbab|          || ana      </controlfield><datafield tag="040" ind1=" " ind2=" "><subfield code="a">Nz</subfield><subfield code="c">Nz</subfield><subfield code="f">reo</subfield></datafield><datafield tag="150" ind1=" " ind2=" "><subfield code="a">Pūrerehua (Taonga pūoro)</subfield></datafield><datafield tag="450" ind1=" " ind2=" "><subfield code="a">Bullroarers</subfield></datafield><datafield tag="450" ind1=" " ind2=" "><subfield code="a">Whizzers</subfield></datafield><datafield tag="450" ind1=" " ind2=" "><subfield code="a">Rangorango</subfield></datafield><datafield tag="550" ind1=" " ind2=" "><subfield code="a">Hūruarangi</subfield></datafield><datafield tag="550" ind1=" " ind2=" "><subfield code="a">Porotiti</subfield></datafield><datafield tag="550" ind1=" " ind2=" "><subfield code="w">g</subfield><subfield code="a">Taonga pūoro</subfield></datafield><datafield tag="680" ind1=" " ind2=" "><subfield code="i">Whakamārama: Ko tana mahi he kawe i ngā kupu me ngā wāwata pai o te tangata ki ngā wahi tawhiti, tae atu hoki ki ngā atua.</subfield></datafield><datafield tag="680" ind1=" " ind2=" "><subfield code="i">Scope Note: The main purpose of this instrument is to offer messages of prayer to people and to the gods.</subfield></datafield></record>