<record><leader>00000nz  a2200000n  4500</leader><controlfield tag="001">1975</controlfield><controlfield tag="003">NzReo</controlfield><controlfield tag="008">060524 n anznnbab|          || ana      </controlfield><datafield tag="040" ind1=" " ind2=" "><subfield code="a">Nz</subfield><subfield code="c">Nz</subfield><subfield code="f">reo</subfield></datafield><datafield tag="150" ind1=" " ind2=" "><subfield code="a">Pūriri</subfield></datafield><datafield tag="550" ind1=" " ind2=" "><subfield code="w">g</subfield><subfield code="a">Rākau whakaruruhau</subfield></datafield><datafield tag="680" ind1=" " ind2=" "><subfield code="i">Whakamārama: He rākau nui nō te takutai. He tawherarima ngā rau, he kuratea ngā pua, me ngā hua. He nohoanga nō te pepetuna.</subfield></datafield><datafield tag="680" ind1=" " ind2=" "><subfield code="i">Scope Note: A coastal tree with shiny compound leaves of 5 leaflets, conspicuous pink red flowers, and red berries. The wood is very dark and dense, but is often tunnelled by caterpillars. Vitex lucens.</subfield></datafield></record>