<record><leader>00000nz  a2200000n  4500</leader><controlfield tag="001">3354</controlfield><controlfield tag="003">NzReo</controlfield><controlfield tag="008">101221 n anznnbab|          || ana      </controlfield><datafield tag="040" ind1=" " ind2=" "><subfield code="a">Nz</subfield><subfield code="c">Nz</subfield><subfield code="f">reo</subfield></datafield><datafield tag="150" ind1=" " ind2=" "><subfield code="a">Pūrongorongo</subfield></datafield><datafield tag="450" ind1=" " ind2=" "><subfield code="a">Current events</subfield></datafield><datafield tag="550" ind1=" " ind2=" "><subfield code="a">Moheni</subfield></datafield><datafield tag="550" ind1=" " ind2=" "><subfield code="a">Nūpepa</subfield></datafield><datafield tag="550" ind1=" " ind2=" "><subfield code="a">Pouaka whakaata</subfield></datafield><datafield tag="550" ind1=" " ind2=" "><subfield code="a">Reo irirangi</subfield></datafield><datafield tag="550" ind1=" " ind2=" "><subfield code="w">g</subfield><subfield code="a">Ao pāpāho</subfield></datafield><datafield tag="550" ind1=" " ind2=" "><subfield code="w">h</subfield><subfield code="a">Kawe kōrero</subfield></datafield><datafield tag="550" ind1=" " ind2=" "><subfield code="w">h</subfield><subfield code="a">Maimai aroha</subfield></datafield><datafield tag="680" ind1=" " ind2=" "><subfield code="i">Whakamārama: Ka tāpae kōrero ki te aroaro o te tangata e whakaatu ana i ētahi āhuatanga kua pā.</subfield></datafield><datafield tag="680" ind1=" " ind2=" "><subfield code="i">Scope Note: Communication of important news about current events. See also: Nūpepa (Newspapers).</subfield></datafield></record>