<record><leader>00000nz  a2200000n  4500</leader><controlfield tag="001">792</controlfield><controlfield tag="003">NzReo</controlfield><controlfield tag="008">050825 n anznnbab|          || ana      </controlfield><datafield tag="040" ind1=" " ind2=" "><subfield code="a">Nz</subfield><subfield code="c">Nz</subfield><subfield code="f">reo</subfield></datafield><datafield tag="150" ind1=" " ind2=" "><subfield code="a">Pūtake</subfield></datafield><datafield tag="450" ind1=" " ind2=" "><subfield code="a">Aruhe</subfield></datafield><datafield tag="450" ind1=" " ind2=" "><subfield code="a">Korare</subfield></datafield><datafield tag="450" ind1=" " ind2=" "><subfield code="a">Root vegetables</subfield></datafield><datafield tag="450" ind1=" " ind2=" "><subfield code="a">Vegetables, Root</subfield></datafield><datafield tag="550" ind1=" " ind2=" "><subfield code="a">Otaota (Kai)</subfield></datafield><datafield tag="550" ind1=" " ind2=" "><subfield code="w">g</subfield><subfield code="a">Hua whenua</subfield></datafield><datafield tag="550" ind1=" " ind2=" "><subfield code="w">h</subfield><subfield code="a">Kūmara</subfield></datafield><datafield tag="550" ind1=" " ind2=" "><subfield code="w">h</subfield><subfield code="a">Rīwai</subfield></datafield><datafield tag="680" ind1=" " ind2=" "><subfield code="i">Whakamārama: He momo manga te pūtake.</subfield></datafield><datafield tag="680" ind1=" " ind2=" "><subfield code="i">Scope Note: All root vegetables.</subfield></datafield></record>