<record><leader>00000nz  a2200000n  4500</leader><controlfield tag="001">1544</controlfield><controlfield tag="003">NzReo</controlfield><controlfield tag="008">060511 n anznnbab|          || ana      </controlfield><datafield tag="040" ind1=" " ind2=" "><subfield code="a">Nz</subfield><subfield code="c">Nz</subfield><subfield code="f">reo</subfield></datafield><datafield tag="150" ind1=" " ind2=" "><subfield code="a">Pūtangitangi</subfield></datafield><datafield tag="450" ind1=" " ind2=" "><subfield code="a">Ducks, Paradise</subfield></datafield><datafield tag="450" ind1=" " ind2=" "><subfield code="a">Paradise ducks</subfield></datafield><datafield tag="550" ind1=" " ind2=" "><subfield code="w">g</subfield><subfield code="a">Manu waimāori</subfield></datafield><datafield tag="680" ind1=" " ind2=" "><subfield code="i">Whakamārama: He pārera nunui. Ko te tame, he pango kārikiuri te pane, ko te tinana he pango me ngā tāhekeheke mā, whāitiiti. Ko te uwha, he mā te pane, he ura te tinana.</subfield></datafield><datafield tag="680" ind1=" " ind2=" "><subfield code="i">Scope Note: A large duck. The male has a dark green to blackish head and the body colour is black barred with fine white lines. The female has a pure white head and a reddish-brown body. Tadorna variegata.</subfield></datafield></record>