<record><leader>00000nz  a2200000n  4500</leader><controlfield tag="001">2083</controlfield><controlfield tag="003">NzReo</controlfield><controlfield tag="008">060524 n anznnbab|          || ana      </controlfield><datafield tag="040" ind1=" " ind2=" "><subfield code="a">Nz</subfield><subfield code="c">Nz</subfield><subfield code="f">reo</subfield></datafield><datafield tag="150" ind1=" " ind2=" "><subfield code="a">Putaputāwētā</subfield></datafield><datafield tag="450" ind1=" " ind2=" "><subfield code="a">Kaiwētā</subfield></datafield><datafield tag="450" ind1=" " ind2=" "><subfield code="a">Piripiriwhata</subfield></datafield><datafield tag="450" ind1=" " ind2=" "><subfield code="a">Punawētā</subfield></datafield><datafield tag="450" ind1=" " ind2=" "><subfield code="a">Marbleleaves</subfield></datafield><datafield tag="550" ind1=" " ind2=" "><subfield code="w">g</subfield><subfield code="a">Rākau whakauru</subfield></datafield><datafield tag="680" ind1=" " ind2=" "><subfield code="i">Whakamārama: He rākau ririki, he mā ngā pua, he poropango ngā hua. E mata ana itiiti ake ngā rau, he kokikoki, he takawhīwhiwhi ngā peka.</subfield></datafield><datafield tag="680" ind1=" " ind2=" "><subfield code="i">Scope Note: A small tree with white flowers and purple/black berries. The juvenile has zigzag interlaced branches with smaller leaves than the adult. Carpodetus serratus.</subfield></datafield></record>