<record><leader>00000nz  a2200000n  4500</leader><controlfield tag="001">2407</controlfield><controlfield tag="003">NzReo</controlfield><controlfield tag="008">060531 n anznnbab|          || ana      </controlfield><datafield tag="040" ind1=" " ind2=" "><subfield code="a">Nz</subfield><subfield code="c">Nz</subfield><subfield code="f">reo</subfield></datafield><datafield tag="150" ind1=" " ind2=" "><subfield code="a">Pūtea</subfield></datafield><datafield tag="450" ind1=" " ind2=" "><subfield code="a">Finance</subfield></datafield><datafield tag="550" ind1=" " ind2=" "><subfield code="a">Ōhanga</subfield></datafield><datafield tag="550" ind1=" " ind2=" "><subfield code="a">Rēti whare</subfield></datafield><datafield tag="550" ind1=" " ind2=" "><subfield code="a">Tāke</subfield></datafield><datafield tag="550" ind1=" " ind2=" "><subfield code="w">g</subfield><subfield code="a">Umanga</subfield></datafield><datafield tag="550" ind1=" " ind2=" "><subfield code="w">h</subfield><subfield code="a">Karahipi</subfield></datafield><datafield tag="550" ind1=" " ind2=" "><subfield code="w">h</subfield><subfield code="a">Pēke</subfield></datafield><datafield tag="550" ind1=" " ind2=" "><subfield code="w">h</subfield><subfield code="a">Tahua pūtea</subfield></datafield></record>