<record><leader>00000nz  a2200000n  4500</leader><controlfield tag="001">1463</controlfield><controlfield tag="003">NzReo</controlfield><controlfield tag="008">060511 n anznnbab|          || ana      </controlfield><datafield tag="040" ind1=" " ind2=" "><subfield code="a">Nz</subfield><subfield code="c">Nz</subfield><subfield code="f">reo</subfield></datafield><datafield tag="150" ind1=" " ind2=" "><subfield code="a">Pūtoto</subfield></datafield><datafield tag="450" ind1=" " ind2=" "><subfield code="a">Kūweto</subfield></datafield><datafield tag="450" ind1=" " ind2=" "><subfield code="a">Pūeto</subfield></datafield><datafield tag="450" ind1=" " ind2=" "><subfield code="a">Crakes, Spotless</subfield></datafield><datafield tag="450" ind1=" " ind2=" "><subfield code="a">Spotless crakes</subfield></datafield><datafield tag="550" ind1=" " ind2=" "><subfield code="w">g</subfield><subfield code="a">Manu repo</subfield></datafield><datafield tag="680" ind1=" " ind2=" "><subfield code="i">Whakamārama: He manu itiiti, noho i te repo. He whero ngā karu me ngā waewae. He hāura te tuarā, he hina te nuinga o te tinana. Ko te kumu he mā, he pang0.</subfield></datafield><datafield tag="680" ind1=" " ind2=" "><subfield code="i">Scope Note: A small rail with a red eye and legs. the back is brown and the rest of it is grey except for the black and white rump. Porzana tabuensis plumbea.</subfield></datafield></record>