<record><leader>00000nz  a2200000n  4500</leader><controlfield tag="001">842</controlfield><controlfield tag="003">NzReo</controlfield><controlfield tag="008">050831 n anznnbab|          || ana      </controlfield><datafield tag="040" ind1=" " ind2=" "><subfield code="a">Nz</subfield><subfield code="c">Nz</subfield><subfield code="f">reo</subfield></datafield><datafield tag="150" ind1=" " ind2=" "><subfield code="a">Rā</subfield></datafield><datafield tag="450" ind1=" " ind2=" "><subfield code="a">Sun</subfield></datafield><datafield tag="550" ind1=" " ind2=" "><subfield code="a">Āraitanga</subfield></datafield><datafield tag="550" ind1=" " ind2=" "><subfield code="a">Hikumutu</subfield></datafield><datafield tag="550" ind1=" " ind2=" "><subfield code="a">Hine-Raumati</subfield></datafield><datafield tag="550" ind1=" " ind2=" "><subfield code="a">Hine-Takurua</subfield></datafield><datafield tag="550" ind1=" " ind2=" "><subfield code="a">Pūngao kōmaru</subfield></datafield><datafield tag="550" ind1=" " ind2=" "><subfield code="a">Tama-nui-te-rā</subfield></datafield><datafield tag="550" ind1=" " ind2=" "><subfield code="w">g</subfield><subfield code="a">Whānau mārama</subfield></datafield><datafield tag="680" ind1=" " ind2=" "><subfield code="i">Whakamārama: Tama-nui-te-rā.</subfield></datafield><datafield tag="680" ind1=" " ind2=" "><subfield code="i">Scope Note: The Sun.</subfield></datafield></record>