<record><leader>00000nz  a2200000n  4500</leader><controlfield tag="001">3693</controlfield><controlfield tag="003">NzReo</controlfield><controlfield tag="008">110607 n anznnbab|          || ana      </controlfield><datafield tag="040" ind1=" " ind2=" "><subfield code="a">Nz</subfield><subfield code="c">Nz</subfield><subfield code="f">reo</subfield></datafield><datafield tag="150" ind1=" " ind2=" "><subfield code="a">Rā whānau</subfield></datafield><datafield tag="450" ind1=" " ind2=" "><subfield code="a">Huritau</subfield></datafield><datafield tag="450" ind1=" " ind2=" "><subfield code="a">Rā huritau</subfield></datafield><datafield tag="450" ind1=" " ind2=" "><subfield code="a">Birthdays</subfield></datafield><datafield tag="550" ind1=" " ind2=" "><subfield code="a">Maramataka</subfield></datafield><datafield tag="550" ind1=" " ind2=" "><subfield code="a">Whānau</subfield></datafield><datafield tag="550" ind1=" " ind2=" "><subfield code="w">g</subfield><subfield code="a">Whānau (Wāhine)</subfield></datafield><datafield tag="680" ind1=" " ind2=" "><subfield code="i">Whakamārama: Ko te rā whānau, he whakanui i te huritau o tētahi.</subfield></datafield><datafield tag="680" ind1=" " ind2=" "><subfield code="i">Scope Note: Use for works about birthdays and birthday celebrations.</subfield></datafield></record>