<record><leader>00000nz  a2200000n  4500</leader><controlfield tag="001">1154</controlfield><controlfield tag="003">NzReo</controlfield><controlfield tag="008">060331 n anznnbab|          || ana      </controlfield><datafield tag="040" ind1=" " ind2=" "><subfield code="a">Nz</subfield><subfield code="c">Nz</subfield><subfield code="f">reo</subfield></datafield><datafield tag="150" ind1=" " ind2=" "><subfield code="a">Rama tuna</subfield></datafield><datafield tag="450" ind1=" " ind2=" "><subfield code="a">Eel catching</subfield></datafield><datafield tag="450" ind1=" " ind2=" "><subfield code="a">Eel fishing</subfield></datafield><datafield tag="450" ind1=" " ind2=" "><subfield code="a">Eel trapping</subfield></datafield><datafield tag="550" ind1=" " ind2=" "><subfield code="w">g</subfield><subfield code="a">Mahinga ika tūturu</subfield></datafield><datafield tag="550" ind1=" " ind2=" "><subfield code="w">h</subfield><subfield code="a">Hīnaki</subfield></datafield><datafield tag="680" ind1=" " ind2=" "><subfield code="i">Whakamārama: Te hopu tuna i te pō engari ko te rama e whakakāngia ana i te pō.</subfield></datafield><datafield tag="680" ind1=" " ind2=" "><subfield code="i">Scope Note: Catching eels by torchlight.</subfield></datafield></record>