<record><leader>00000nz  a2200000n  4500</leader><controlfield tag="001">316</controlfield><controlfield tag="003">NzReo</controlfield><controlfield tag="008">060609 n anznnbab|          || ana      </controlfield><datafield tag="040" ind1=" " ind2=" "><subfield code="a">Nz</subfield><subfield code="c">Nz</subfield><subfield code="f">reo</subfield></datafield><datafield tag="150" ind1=" " ind2=" "><subfield code="a">Rangahau</subfield></datafield><datafield tag="450" ind1=" " ind2=" "><subfield code="a">Research</subfield></datafield><datafield tag="550" ind1=" " ind2=" "><subfield code="a">Kōrero nehe</subfield></datafield><datafield tag="550" ind1=" " ind2=" "><subfield code="a">Tumu kōrero</subfield></datafield><datafield tag="550" ind1=" " ind2=" "><subfield code="a">Uiuitanga</subfield></datafield><datafield tag="550" ind1=" " ind2=" "><subfield code="a">Whakaaotanga</subfield></datafield><datafield tag="550" ind1=" " ind2=" "><subfield code="w">g</subfield><subfield code="a">Mātauranga</subfield></datafield><datafield tag="550" ind1=" " ind2=" "><subfield code="w">h</subfield><subfield code="a">Kaupapa rangahau</subfield></datafield><datafield tag="550" ind1=" " ind2=" "><subfield code="w">h</subfield><subfield code="a">Rangahau Māori</subfield></datafield><datafield tag="550" ind1=" " ind2=" "><subfield code="w">h</subfield><subfield code="a">Rangahau o te noho-ā-iwi</subfield></datafield><datafield tag="550" ind1=" " ind2=" "><subfield code="w">h</subfield><subfield code="a">Tuhinga whakapae</subfield></datafield><datafield tag="550" ind1=" " ind2=" "><subfield code="w">h</subfield><subfield code="a">Tūhura</subfield></datafield><datafield tag="550" ind1=" " ind2=" "><subfield code="w">h</subfield><subfield code="a">Whare pukapuka</subfield></datafield><datafield tag="550" ind1=" " ind2=" "><subfield code="w">h</subfield><subfield code="a">Whare tukunga kōrero</subfield></datafield></record>