<record><leader>00000nz  a2200000n  4500</leader><controlfield tag="001">2722</controlfield><controlfield tag="003">NzReo</controlfield><controlfield tag="008">060607 n anznnbab|          || ana      </controlfield><datafield tag="040" ind1=" " ind2=" "><subfield code="a">Nz</subfield><subfield code="c">Nz</subfield><subfield code="f">reo</subfield></datafield><datafield tag="150" ind1=" " ind2=" "><subfield code="a">Rangahau Māori</subfield></datafield><datafield tag="450" ind1=" " ind2=" "><subfield code="a">Research, Māori</subfield></datafield><datafield tag="550" ind1=" " ind2=" "><subfield code="a">Umanga</subfield></datafield><datafield tag="550" ind1=" " ind2=" "><subfield code="a">Whakapakari ā-iwi</subfield></datafield><datafield tag="550" ind1=" " ind2=" "><subfield code="w">g</subfield><subfield code="a">Rangahau</subfield></datafield><datafield tag="550" ind1=" " ind2=" "><subfield code="w">h</subfield><subfield code="a">Anga</subfield></datafield><datafield tag="680" ind1=" " ind2=" "><subfield code="i">Whakamārama: Ko te kaupapa, ko te rangahau Māori.</subfield></datafield><datafield tag="680" ind1=" " ind2=" "><subfield code="i">Scope Note: To be used to describe any research on Māori people, or issues pertaining to Māori.</subfield></datafield></record>