<record><leader>00000nz  a2200000n  4500</leader><controlfield tag="001">318</controlfield><controlfield tag="003">NzReo</controlfield><controlfield tag="008">060609 n anznnbab|          || ana      </controlfield><datafield tag="040" ind1=" " ind2=" "><subfield code="a">Nz</subfield><subfield code="c">Nz</subfield><subfield code="f">reo</subfield></datafield><datafield tag="150" ind1=" " ind2=" "><subfield code="a">Rangahau o te noho-ā-iwi</subfield></datafield><datafield tag="450" ind1=" " ind2=" "><subfield code="a">Ethnology</subfield></datafield><datafield tag="550" ind1=" " ind2=" "><subfield code="a">Iwi</subfield></datafield><datafield tag="550" ind1=" " ind2=" "><subfield code="a">Mātauranga tikanga tāngata</subfield></datafield><datafield tag="550" ind1=" " ind2=" "><subfield code="a">Noho-ā-iwi</subfield></datafield><datafield tag="550" ind1=" " ind2=" "><subfield code="w">g</subfield><subfield code="a">Rangahau</subfield></datafield><datafield tag="680" ind1=" " ind2=" "><subfield code="i">Whakamārama: Te whakatauritenga o te āhuatanga, me te tirohanga o ngā tāngata.</subfield></datafield><datafield tag="680" ind1=" " ind2=" "><subfield code="i">Scope Note: The comparative study of people.</subfield></datafield></record>