<record><leader>00000nz  a2200000n  4500</leader><controlfield tag="001">2275</controlfield><controlfield tag="003">NzReo</controlfield><controlfield tag="008">060531 n anznnbab|          || ana      </controlfield><datafield tag="040" ind1=" " ind2=" "><subfield code="a">Nz</subfield><subfield code="c">Nz</subfield><subfield code="f">reo</subfield></datafield><datafield tag="150" ind1=" " ind2=" "><subfield code="a">Rangatira</subfield></datafield><datafield tag="450" ind1=" " ind2=" "><subfield code="a">Tumu whakarae</subfield></datafield><datafield tag="450" ind1=" " ind2=" "><subfield code="a">Chieftains</subfield></datafield><datafield tag="450" ind1=" " ind2=" "><subfield code="a">Leaders</subfield></datafield><datafield tag="450" ind1=" " ind2=" "><subfield code="a">Leadership</subfield></datafield><datafield tag="550" ind1=" " ind2=" "><subfield code="a">Ariki</subfield></datafield><datafield tag="550" ind1=" " ind2=" "><subfield code="a">Kaiārahi</subfield></datafield><datafield tag="550" ind1=" " ind2=" "><subfield code="a">Mana tangata</subfield></datafield><datafield tag="550" ind1=" " ind2=" "><subfield code="a">Rangatiratanga</subfield></datafield><datafield tag="550" ind1=" " ind2=" "><subfield code="w">g</subfield><subfield code="a">Tāngata whenua</subfield></datafield><datafield tag="680" ind1=" " ind2=" "><subfield code="i">Whakamārama: Ko te rangatira o te iwi, o te hapū, o te whānau rānei.</subfield></datafield><datafield tag="680" ind1=" " ind2=" "><subfield code="i">Scope Note: People with chiefly status, the hereditary leaders of the iwi/tribe and hapū/subtribe. In modern times, Rangatira can also be used for contemporary leaders.</subfield></datafield></record>