<record><leader>00000nz  a2200000n  4500</leader><controlfield tag="001">707</controlfield><controlfield tag="003">NzReo</controlfield><controlfield tag="008">050719 n anznnbab|          || ana      </controlfield><datafield tag="040" ind1=" " ind2=" "><subfield code="a">Nz</subfield><subfield code="c">Nz</subfield><subfield code="f">reo</subfield></datafield><datafield tag="150" ind1=" " ind2=" "><subfield code="a">Rangatiratanga</subfield></datafield><datafield tag="450" ind1=" " ind2=" "><subfield code="a">Chiefly authority</subfield></datafield><datafield tag="550" ind1=" " ind2=" "><subfield code="a">Kīngitanga</subfield></datafield><datafield tag="550" ind1=" " ind2=" "><subfield code="a">Mana tangata</subfield></datafield><datafield tag="550" ind1=" " ind2=" "><subfield code="a">Rangatira</subfield></datafield><datafield tag="550" ind1=" " ind2=" "><subfield code="a">Taiapure</subfield></datafield><datafield tag="550" ind1=" " ind2=" "><subfield code="a">Tino rangatiratanga</subfield></datafield><datafield tag="550" ind1=" " ind2=" "><subfield code="w">g</subfield><subfield code="a">Tikanga tuku iho</subfield></datafield><datafield tag="680" ind1=" " ind2=" "><subfield code="i">Scope Note: The traditional personal authority of chiefs (rangatira) over the assets of an iwi/tribe or hapū/sub-tribe (land, forests, fisheries, etc.)</subfield></datafield></record>