<record><leader>00000nz  a2200000n  4500</leader><controlfield tag="001">4532</controlfield><controlfield tag="003">NzReo</controlfield><controlfield tag="008">150424 n anznnbab|          || ana      </controlfield><datafield tag="040" ind1=" " ind2=" "><subfield code="a">Nz</subfield><subfield code="c">Nz</subfield><subfield code="f">reo</subfield></datafield><datafield tag="150" ind1=" " ind2=" "><subfield code="a">Rangimārie</subfield></datafield><datafield tag="450" ind1=" " ind2=" "><subfield code="a">Maungārongo</subfield></datafield><datafield tag="450" ind1=" " ind2=" "><subfield code="a">Peace</subfield></datafield><datafield tag="550" ind1=" " ind2=" "><subfield code="a">Rongomatāne</subfield></datafield><datafield tag="550" ind1=" " ind2=" "><subfield code="a">Tatau pounamu</subfield></datafield><datafield tag="550" ind1=" " ind2=" "><subfield code="w">g</subfield><subfield code="a">Tikanga tuku iho</subfield></datafield><datafield tag="680" ind1=" " ind2=" "><subfield code="i">Whakamārama: Maungārongo ki te whenua, he whakaaro pai ki ngā tāngata katoa.</subfield></datafield></record>