<record><leader>00000nz  a2200000n  4500</leader><controlfield tag="001">29</controlfield><controlfield tag="003">NzReo</controlfield><controlfield tag="008">050825 n anznnbab|          || ana      </controlfield><datafield tag="040" ind1=" " ind2=" "><subfield code="a">Nz</subfield><subfield code="c">Nz</subfield><subfield code="f">reo</subfield></datafield><datafield tag="150" ind1=" " ind2=" "><subfield code="a">Ranginui</subfield></datafield><datafield tag="450" ind1=" " ind2=" "><subfield code="a">Sky father</subfield></datafield><datafield tag="550" ind1=" " ind2=" "><subfield code="a">Mahere whetū</subfield></datafield><datafield tag="550" ind1=" " ind2=" "><subfield code="a">Ōrokohanga o te ao</subfield></datafield><datafield tag="550" ind1=" " ind2=" "><subfield code="w">g</subfield><subfield code="a">Atua</subfield></datafield><datafield tag="680" ind1=" " ind2=" "><subfield code="i">Whakamārama: Ko ia te atua o te rangi, ā, ko ia hoki te tāne o Papatūānuku.</subfield></datafield><datafield tag="680" ind1=" " ind2=" "><subfield code="i">Scope Note: The Sky father and husband of the Earth mother, Papatūānuku.</subfield></datafield></record>