<record><leader>00000nz  a2200000n  4500</leader><controlfield tag="001">1627</controlfield><controlfield tag="003">NzReo</controlfield><controlfield tag="008">060524 n anznnbab|          || ana      </controlfield><datafield tag="040" ind1=" " ind2=" "><subfield code="a">Nz</subfield><subfield code="c">Nz</subfield><subfield code="f">reo</subfield></datafield><datafield tag="150" ind1=" " ind2=" "><subfield code="a">Rangiora</subfield></datafield><datafield tag="450" ind1=" " ind2=" "><subfield code="a">Bushman's friend</subfield></datafield><datafield tag="550" ind1=" " ind2=" "><subfield code="w">g</subfield><subfield code="a">Mauwha</subfield></datafield><datafield tag="680" ind1=" " ind2=" "><subfield code="i">Whakamārama: He rākau tupu noa iho. He rarahi, he pāraharaha ngā rau, he kārikikura a roto, he mā a waho, he kōtiwhatiwha.</subfield></datafield><datafield tag="680" ind1=" " ind2=" "><subfield code="i">Scope Note: A common tree-daisy shrub with large flat leaves often mottled purplish green above and white and clothlike below. Brachyglottis repanda.</subfield></datafield></record>