<record><leader>00000nz  a2200000n  4500</leader><controlfield tag="001">1419</controlfield><controlfield tag="003">NzReo</controlfield><controlfield tag="008">060511 n anznnbab|          || ana      </controlfield><datafield tag="040" ind1=" " ind2=" "><subfield code="a">Nz</subfield><subfield code="c">Nz</subfield><subfield code="f">reo</subfield></datafield><datafield tag="150" ind1=" " ind2=" "><subfield code="a">Ranguru</subfield></datafield><datafield tag="450" ind1=" " ind2=" "><subfield code="a">Chatham Island petrels</subfield></datafield><datafield tag="450" ind1=" " ind2=" "><subfield code="a">Petrels, Chatham Island</subfield></datafield><datafield tag="550" ind1=" " ind2=" "><subfield code="w">g</subfield><subfield code="a">Manu moana</subfield></datafield><datafield tag="680" ind1=" " ind2=" "><subfield code="i">Whakamārama: He manu moana, kei Rēkohu anake. He rite ki te tītī engari he māwhero ngā waewae.</subfield></datafield><datafield tag="680" ind1=" " ind2=" "><subfield code="i">Scope Note: A seabird very similar to the tītī/South Island muttonbird but with pink feet. It is found only at the Chatham Islands. Pterodroma axillaris.</subfield></datafield></record>