<record><leader>00000nz  a2200000n  4500</leader><controlfield tag="001">4789</controlfield><controlfield tag="003">NzReo</controlfield><controlfield tag="008">151215 n anznnbab|          || ana      </controlfield><datafield tag="040" ind1=" " ind2=" "><subfield code="a">Nz</subfield><subfield code="c">Nz</subfield><subfield code="f">reo</subfield></datafield><datafield tag="150" ind1=" " ind2=" "><subfield code="a">Rapuara</subfield></datafield><datafield tag="450" ind1=" " ind2=" "><subfield code="a">Career guidance</subfield></datafield><datafield tag="450" ind1=" " ind2=" "><subfield code="a">Guidance, Career</subfield></datafield><datafield tag="450" ind1=" " ind2=" "><subfield code="a">Guidance, Vocational</subfield></datafield><datafield tag="450" ind1=" " ind2=" "><subfield code="a">Vocational guidance</subfield></datafield><datafield tag="550" ind1=" " ind2=" "><subfield code="w">g</subfield><subfield code="a">Ratonga ki te iwi</subfield></datafield></record>