<record><leader>00000nz  a2200000n  4500</leader><controlfield tag="001">51</controlfield><controlfield tag="003">NzReo</controlfield><controlfield tag="008">060310 n anznnbab|          || ana      </controlfield><datafield tag="040" ind1=" " ind2=" "><subfield code="a">Nz</subfield><subfield code="c">Nz</subfield><subfield code="f">reo</subfield></datafield><datafield tag="150" ind1=" " ind2=" "><subfield code="a">Raranga kete</subfield></datafield><datafield tag="450" ind1=" " ind2=" "><subfield code="a">Basket making</subfield></datafield><datafield tag="550" ind1=" " ind2=" "><subfield code="w">g</subfield><subfield code="a">Raranga</subfield></datafield><datafield tag="550" ind1=" " ind2=" "><subfield code="w">h</subfield><subfield code="a">Kete</subfield></datafield><datafield tag="680" ind1=" " ind2=" "><subfield code="i">Whakamārama: Te raranga kete.</subfield></datafield><datafield tag="680" ind1=" " ind2=" "><subfield code="i">Scope Note: The art of basketry.</subfield></datafield></record>