<record><leader>00000nz  a2200000n  4500</leader><controlfield tag="001">1602</controlfield><controlfield tag="003">NzReo</controlfield><controlfield tag="008">060524 n anznnbab|          || ana      </controlfield><datafield tag="040" ind1=" " ind2=" "><subfield code="a">Nz</subfield><subfield code="c">Nz</subfield><subfield code="f">reo</subfield></datafield><datafield tag="150" ind1=" " ind2=" "><subfield code="a">Rarauhe</subfield></datafield><datafield tag="450" ind1=" " ind2=" "><subfield code="a">Rahurahu</subfield></datafield><datafield tag="450" ind1=" " ind2=" "><subfield code="a">Rārahu</subfield></datafield><datafield tag="450" ind1=" " ind2=" "><subfield code="a">Rau aruhe</subfield></datafield><datafield tag="450" ind1=" " ind2=" "><subfield code="a">Bracken ferns</subfield></datafield><datafield tag="450" ind1=" " ind2=" "><subfield code="a">Ferns, Bracken</subfield></datafield><datafield tag="550" ind1=" " ind2=" "><subfield code="w">g</subfield><subfield code="a">Huruhuru whenua</subfield></datafield><datafield tag="680" ind1=" " ind2=" "><subfield code="i">Whakamārama: He momo huruhuru whenua tupu noa iho. I mua e āta pāpakotia ana, mō te aruhe, hei kai.</subfield></datafield><datafield tag="680" ind1=" " ind2=" "><subfield code="i">Scope Note: A common fern (bracken) that used to be cultivated for the aruhe/edible root. Pteridium esculentum.</subfield></datafield></record>