<record><leader>00000nz  a2200000n  4500</leader><controlfield tag="001">1572</controlfield><controlfield tag="003">NzReo</controlfield><controlfield tag="008">060524 n anznnbab|          || ana      </controlfield><datafield tag="040" ind1=" " ind2=" "><subfield code="a">Nz</subfield><subfield code="c">Nz</subfield><subfield code="f">reo</subfield></datafield><datafield tag="150" ind1=" " ind2=" "><subfield code="a">Rātā o Te Ika a Māui</subfield></datafield><datafield tag="450" ind1=" " ind2=" "><subfield code="a">Northern rātā</subfield></datafield><datafield tag="550" ind1=" " ind2=" "><subfield code="w">g</subfield><subfield code="a">Aka</subfield></datafield><datafield tag="550" ind1=" " ind2=" "><subfield code="w">g</subfield><subfield code="a">Rākau whakakake</subfield></datafield><datafield tag="550" ind1=" " ind2=" "><subfield code="w">h</subfield><subfield code="a">Wai kaihua</subfield></datafield><datafield tag="680" ind1=" " ind2=" "><subfield code="i">Whakamārama: He rākau. I te tīmatanga he aka, ka piri, ka kopaki i te rākau kē, ka nātia, mate raua. Ka tupu hei rātā nui.</subfield></datafield><datafield tag="680" ind1=" " ind2=" "><subfield code="i">Scope Note: This large rātā starts to grow as a vine that envelops the host tree and kills it. For this reason many rātā are hollow. Metrosideros robusta.</subfield></datafield></record>