<record><leader>00000nz  a2200000n  4500</leader><controlfield tag="001">1571</controlfield><controlfield tag="003">NzReo</controlfield><controlfield tag="008">060524 n anznnbab|          || ana      </controlfield><datafield tag="040" ind1=" " ind2=" "><subfield code="a">Nz</subfield><subfield code="c">Nz</subfield><subfield code="f">reo</subfield></datafield><datafield tag="150" ind1=" " ind2=" "><subfield code="a">Rātā Te Wai Pounamu</subfield></datafield><datafield tag="450" ind1=" " ind2=" "><subfield code="a">Southern rātā</subfield></datafield><datafield tag="550" ind1=" " ind2=" "><subfield code="w">g</subfield><subfield code="a">Aka</subfield></datafield><datafield tag="550" ind1=" " ind2=" "><subfield code="w">g</subfield><subfield code="a">Rākau whakakake</subfield></datafield><datafield tag="550" ind1=" " ind2=" "><subfield code="w">h</subfield><subfield code="a">Wai kaihua</subfield></datafield><datafield tag="680" ind1=" " ind2=" "><subfield code="i">Whakamārama: He momo rāta kei Te Wai Pounamu e tupu ana. He ririki, he whero kita ngā pua. He koikoi ngā rau.</subfield></datafield><datafield tag="680" ind1=" " ind2=" "><subfield code="i">Scope Note: A rātā with rather small bright red flowers and pointed leaves. Grows in the South Island, rare in the North Island. Metrosideros umbellata.</subfield></datafield></record>