<record><leader>00000nz  a2200000n  4500</leader><controlfield tag="001">2635</controlfield><controlfield tag="003">NzReo</controlfield><controlfield tag="008">060607 n anznnbab|          || ana      </controlfield><datafield tag="040" ind1=" " ind2=" "><subfield code="a">Nz</subfield><subfield code="c">Nz</subfield><subfield code="f">reo</subfield></datafield><datafield tag="150" ind1=" " ind2=" "><subfield code="a">Rātāhuihui</subfield></datafield><datafield tag="450" ind1=" " ind2=" "><subfield code="a">Sunfishes</subfield></datafield><datafield tag="550" ind1=" " ind2=" "><subfield code="w">g</subfield><subfield code="a">Ika moana</subfield></datafield><datafield tag="680" ind1=" " ind2=" "><subfield code="i">Whakamārama: He ika rahi rawa atu, he porotītiti te hanga, teretere noa ai i te moana. He poropango, he mā ngā kōtiwhatiwha, he tapatoru ngā pakihau o te tuarā me te puku.</subfield></datafield><datafield tag="680" ind1=" " ind2=" "><subfield code="i">Scope Note: A distinctive large fish which floats at the sea surface. The colour is blue-black splotched with white. It has a laterally compressed disc-shaped body about 1.5 metres across with large triangular dorsal and ventral fins. The body is truncated after the dorsal and ventral fins. Mola mola.</subfield></datafield></record>