<record><leader>00000nz  a2200000n  4500</leader><controlfield tag="001">3072</controlfield><controlfield tag="003">NzReo</controlfield><controlfield tag="008">100720 n anznnbab|          || ana      </controlfield><datafield tag="040" ind1=" " ind2=" "><subfield code="a">Nz</subfield><subfield code="c">Nz</subfield><subfield code="f">reo</subfield></datafield><datafield tag="150" ind1=" " ind2=" "><subfield code="a">Rātana</subfield></datafield><datafield tag="450" ind1=" " ind2=" "><subfield code="a">Rātana Church</subfield></datafield><datafield tag="450" ind1=" " ind2=" "><subfield code="a">Rātana faith</subfield></datafield><datafield tag="550" ind1=" " ind2=" "><subfield code="w">g</subfield><subfield code="a">Hāhi Māori</subfield></datafield><datafield tag="680" ind1=" " ind2=" "><subfield code="i">Whakamārama: Nā Tahupōtiki Wiremu Rātana i whakatū te Hāhi Rātana.</subfield></datafield><datafield tag="680" ind1=" " ind2=" "><subfield code="i">Scope Note: Name of the religion founded by the prophet Tahupōtiki Wiremu Rātana.</subfield></datafield></record>