<record><leader>00000nz  a2200000n  4500</leader><controlfield tag="001">2200</controlfield><controlfield tag="003">NzReo</controlfield><controlfield tag="008">060530 n anznnbab|          || ana      </controlfield><datafield tag="040" ind1=" " ind2=" "><subfield code="a">Nz</subfield><subfield code="c">Nz</subfield><subfield code="f">reo</subfield></datafield><datafield tag="150" ind1=" " ind2=" "><subfield code="a">Ratonga</subfield></datafield><datafield tag="450" ind1=" " ind2=" "><subfield code="a">Public services</subfield></datafield><datafield tag="450" ind1=" " ind2=" "><subfield code="a">Services, Public</subfield></datafield><datafield tag="550" ind1=" " ind2=" "><subfield code="a">Tahua pūtea</subfield></datafield><datafield tag="550" ind1=" " ind2=" "><subfield code="a">Whare pukapuka</subfield></datafield><datafield tag="550" ind1=" " ind2=" "><subfield code="a">Whare tukunga kōrero</subfield></datafield><datafield tag="550" ind1=" " ind2=" "><subfield code="w">g</subfield><subfield code="a">Hapori</subfield></datafield><datafield tag="550" ind1=" " ind2=" "><subfield code="w">h</subfield><subfield code="a">Ratonga ahi</subfield></datafield><datafield tag="550" ind1=" " ind2=" "><subfield code="w">h</subfield><subfield code="a">Ratonga ki te iwi</subfield></datafield><datafield tag="550" ind1=" " ind2=" "><subfield code="w">h</subfield><subfield code="a">Tuku ratonga</subfield></datafield><datafield tag="550" ind1=" " ind2=" "><subfield code="w">h</subfield><subfield code="a">Wātene Māori</subfield></datafield></record>