<record><leader>00000nz  a2200000n  4500</leader><controlfield tag="001">2205</controlfield><controlfield tag="003">NzReo</controlfield><controlfield tag="008">060530 n anznnbab|          || ana      </controlfield><datafield tag="040" ind1=" " ind2=" "><subfield code="a">Nz</subfield><subfield code="c">Nz</subfield><subfield code="f">reo</subfield></datafield><datafield tag="150" ind1=" " ind2=" "><subfield code="a">Ratonga ki te iwi</subfield></datafield><datafield tag="450" ind1=" " ind2=" "><subfield code="a">Community services</subfield></datafield><datafield tag="450" ind1=" " ind2=" "><subfield code="a">Services, Community</subfield></datafield><datafield tag="550" ind1=" " ind2=" "><subfield code="a">Ratonga ahi</subfield></datafield><datafield tag="550" ind1=" " ind2=" "><subfield code="a">Rūnanga ā-iwi</subfield></datafield><datafield tag="550" ind1=" " ind2=" "><subfield code="a">Tuku ratonga</subfield></datafield><datafield tag="550" ind1=" " ind2=" "><subfield code="a">Whakapakari ā-iwi</subfield></datafield><datafield tag="550" ind1=" " ind2=" "><subfield code="w">g</subfield><subfield code="a">Ratonga</subfield></datafield><datafield tag="550" ind1=" " ind2=" "><subfield code="w">h</subfield><subfield code="a">Rapuara</subfield></datafield><datafield tag="680" ind1=" " ind2=" "><subfield code="i">Whakamārama: Ratonga ki te iwi.</subfield></datafield><datafield tag="680" ind1=" " ind2=" "><subfield code="i">Scope Note: Services provided to the tribe, such as health, vocational and informational services.</subfield></datafield></record>