<record><leader>00000nz  a2200000n  4500</leader><controlfield tag="001">4519</controlfield><controlfield tag="003">NzReo</controlfield><controlfield tag="008">150424 n anznnbab|          || ana      </controlfield><datafield tag="040" ind1=" " ind2=" "><subfield code="a">Nz</subfield><subfield code="c">Nz</subfield><subfield code="f">reo</subfield></datafield><datafield tag="150" ind1=" " ind2=" "><subfield code="a">Rauemi</subfield></datafield><datafield tag="450" ind1=" " ind2=" "><subfield code="a">Resources</subfield></datafield><datafield tag="550" ind1=" " ind2=" "><subfield code="w">g</subfield><subfield code="a">Pūtaiao</subfield></datafield><datafield tag="550" ind1=" " ind2=" "><subfield code="w">h</subfield><subfield code="a">Rauemi-ā-ipurangi</subfield></datafield><datafield tag="550" ind1=" " ind2=" "><subfield code="w">h</subfield><subfield code="a">Taputapu</subfield></datafield><datafield tag="680" ind1=" " ind2=" "><subfield code="i">Whakamārama: He mea āwhina i ngā mahi.</subfield></datafield></record>