<record><leader>00000nz  a2200000n  4500</leader><controlfield tag="001">4652</controlfield><controlfield tag="003">NzReo</controlfield><controlfield tag="008">150909 n anznnbab|          || ana      </controlfield><datafield tag="040" ind1=" " ind2=" "><subfield code="a">Nz</subfield><subfield code="c">Nz</subfield><subfield code="f">reo</subfield></datafield><datafield tag="150" ind1=" " ind2=" "><subfield code="a">Rauemi-ā-ipurangi</subfield></datafield><datafield tag="450" ind1=" " ind2=" "><subfield code="a">Electronic resources</subfield></datafield><datafield tag="450" ind1=" " ind2=" "><subfield code="a">Online resources</subfield></datafield><datafield tag="450" ind1=" " ind2=" "><subfield code="a">Resources, Electronic</subfield></datafield><datafield tag="450" ind1=" " ind2=" "><subfield code="a">Resources, Online</subfield></datafield><datafield tag="450" ind1=" " ind2=" "><subfield code="a">Resources, Web</subfield></datafield><datafield tag="450" ind1=" " ind2=" "><subfield code="a">Web resources</subfield></datafield><datafield tag="550" ind1=" " ind2=" "><subfield code="w">g</subfield><subfield code="a">Ipurangi</subfield></datafield><datafield tag="550" ind1=" " ind2=" "><subfield code="w">g</subfield><subfield code="a">Rauemi</subfield></datafield></record>