<record><leader>00000nz  a2200000n  4500</leader><controlfield tag="001">1699</controlfield><controlfield tag="003">NzReo</controlfield><controlfield tag="008">060524 n anznnbab|          || ana      </controlfield><datafield tag="040" ind1=" " ind2=" "><subfield code="a">Nz</subfield><subfield code="c">Nz</subfield><subfield code="f">reo</subfield></datafield><datafield tag="150" ind1=" " ind2=" "><subfield code="a">Rauhuia</subfield></datafield><datafield tag="450" ind1=" " ind2=" "><subfield code="a">Matamatahuia</subfield></datafield><datafield tag="550" ind1=" " ind2=" "><subfield code="w">g</subfield><subfield code="a">Otaota</subfield></datafield><datafield tag="680" ind1=" " ind2=" "><subfield code="i">Whakamārama: He otaota pōruru kei te takutai moana e tupu ana. He mā ngā puia, kotahi anō ki te tātā.</subfield></datafield><datafield tag="680" ind1=" " ind2=" "><subfield code="i">Scope Note: A bushy coastal herb with solitary white flowers with five petals. Linum monogynum.</subfield></datafield></record>