<record><leader>00000nz  a2200000n  4500</leader><controlfield tag="001">1976</controlfield><controlfield tag="003">NzReo</controlfield><controlfield tag="008">060524 n anznnbab|          || ana      </controlfield><datafield tag="040" ind1=" " ind2=" "><subfield code="a">Nz</subfield><subfield code="c">Nz</subfield><subfield code="f">reo</subfield></datafield><datafield tag="150" ind1=" " ind2=" "><subfield code="a">Raukawa</subfield></datafield><datafield tag="550" ind1=" " ind2=" "><subfield code="w">g</subfield><subfield code="a">Rākau whakaruruhau</subfield></datafield><datafield tag="680" ind1=" " ind2=" "><subfield code="i">Whakamārama: He rākau kakara ngā rau. E mata ana, he tawheratoru, he nihoniho ngā rau. Kia pakari kua toitū kua tawherarua rānei.</subfield></datafield><datafield tag="680" ind1=" " ind2=" "><subfield code="i">Scope Note: A tree with smooth-edged and aromatic leaves. Juvenile leaves are 3 lobed and deeply toothed. Adult leaves are one or two lobed. Pseudopanax edgerleyi.</subfield></datafield></record>