<record><leader>00000nz  a2200000n  4500</leader><controlfield tag="001">1640</controlfield><controlfield tag="003">NzReo</controlfield><controlfield tag="008">060524 n anznnbab|          || ana      </controlfield><datafield tag="040" ind1=" " ind2=" "><subfield code="a">Nz</subfield><subfield code="c">Nz</subfield><subfield code="f">reo</subfield></datafield><datafield tag="150" ind1=" " ind2=" "><subfield code="a">Raukūmara</subfield></datafield><datafield tag="550" ind1=" " ind2=" "><subfield code="w">g</subfield><subfield code="a">Mauwha</subfield></datafield><datafield tag="680" ind1=" " ind2=" "><subfield code="i">Whakamārama: He mauwha, kei te Tai Rāwhiti anake e tupu ana. He kōwhai ngā pua. He rite ngā rau ki o te houhere.</subfield></datafield><datafield tag="680" ind1=" " ind2=" "><subfield code="i">Scope Note: A shrubby daisy with yellow flowers found only in Te Tai Rāwhiti/Gisborne District. Brachyglottis perdicioides.</subfield></datafield></record>