<record><leader>00000nz  a2200000n  4500</leader><controlfield tag="001">1774</controlfield><controlfield tag="003">NzReo</controlfield><controlfield tag="008">060524 n anznnbab|          || ana      </controlfield><datafield tag="040" ind1=" " ind2=" "><subfield code="a">Nz</subfield><subfield code="c">Nz</subfield><subfield code="f">reo</subfield></datafield><datafield tag="150" ind1=" " ind2=" "><subfield code="a">Raupeka</subfield></datafield><datafield tag="450" ind1=" " ind2=" "><subfield code="a">Easter orchids</subfield></datafield><datafield tag="450" ind1=" " ind2=" "><subfield code="a">Orchids, Easter</subfield></datafield><datafield tag="550" ind1=" " ind2=" "><subfield code="w">g</subfield><subfield code="a">Otaota hāwere</subfield></datafield><datafield tag="680" ind1=" " ind2=" "><subfield code="i">Whakamārama: He otaota rārāpiri, rite ki te peka ā waka, engari he whānui ake ngā rau. I te Ngahuru, ka puta ngā pua, he mā, he kakara rawa atu.</subfield></datafield><datafield tag="680" ind1=" " ind2=" "><subfield code="i">Scope Note: An epiphytic orchid with matted roots like peka ā waka/bamboo orchid but with broader leaves and strongly scented white flowers in the Autumn. Earina autumnalis.</subfield></datafield></record>