<record><leader>00000nz  a2200000n  4500</leader><controlfield tag="001">1800</controlfield><controlfield tag="003">NzReo</controlfield><controlfield tag="008">060524 n anznnbab|          || ana      </controlfield><datafield tag="040" ind1=" " ind2=" "><subfield code="a">Nz</subfield><subfield code="c">Nz</subfield><subfield code="f">reo</subfield></datafield><datafield tag="150" ind1=" " ind2=" "><subfield code="a">Raupō</subfield></datafield><datafield tag="450" ind1=" " ind2=" "><subfield code="a">Horokawa</subfield></datafield><datafield tag="450" ind1=" " ind2=" "><subfield code="a">Bulrushes</subfield></datafield><datafield tag="550" ind1=" " ind2=" "><subfield code="a">Manu tukutuku</subfield></datafield><datafield tag="550" ind1=" " ind2=" "><subfield code="a">Mōkihi</subfield></datafield><datafield tag="550" ind1=" " ind2=" "><subfield code="a">Pākau</subfield></datafield><datafield tag="550" ind1=" " ind2=" "><subfield code="a">Poi</subfield></datafield><datafield tag="550" ind1=" " ind2=" "><subfield code="a">Toetoe</subfield></datafield><datafield tag="550" ind1=" " ind2=" "><subfield code="w">g</subfield><subfield code="a">Otaota waimāori</subfield></datafield><datafield tag="550" ind1=" " ind2=" "><subfield code="w">g</subfield><subfield code="a">Whara</subfield></datafield><datafield tag="550" ind1=" " ind2=" "><subfield code="w">h</subfield><subfield code="a">Kōareare</subfield></datafield><datafield tag="680" ind1=" " ind2=" "><subfield code="i">Whakamārama: He whara tupu i ngā hawai. Pūpūria ai ngā rau hei whakapuru, ko ngā kōnehu hei komeke.</subfield></datafield><datafield tag="680" ind1=" " ind2=" "><subfield code="i">Scope Note: A rush which grows in shallow open water. The soft leaves were used for thatch and the pollen for food. Typha orientalis.</subfield></datafield></record>