<record><leader>00000nz  a2200000n  4500</leader><controlfield tag="001">1801</controlfield><controlfield tag="003">NzReo</controlfield><controlfield tag="008">060524 n anznnbab|          || ana      </controlfield><datafield tag="040" ind1=" " ind2=" "><subfield code="a">Nz</subfield><subfield code="c">Nz</subfield><subfield code="f">reo</subfield></datafield><datafield tag="150" ind1=" " ind2=" "><subfield code="a">Raupō taranga</subfield></datafield><datafield tag="450" ind1=" " ind2=" "><subfield code="a">Lilies, Poor Knights</subfield></datafield><datafield tag="450" ind1=" " ind2=" "><subfield code="a">Poor Knights lilies</subfield></datafield><datafield tag="550" ind1=" " ind2=" "><subfield code="a">Toetoe</subfield></datafield><datafield tag="550" ind1=" " ind2=" "><subfield code="w">g</subfield><subfield code="a">Whara</subfield></datafield><datafield tag="680" ind1=" " ind2=" "><subfield code="i">Whakamārama: He whara, rite ki te harakeke, engari ko ngā rau rite kē ki o te raupō. Mumura ana te whero o ngā pua. Ko te Motu o Manawa Tāwhi tōna kāinga tūturu, engari e whāia ana i ēnei rā hei whakatō ki nga tinaku.</subfield></datafield><datafield tag="680" ind1=" " ind2=" "><subfield code="i">Scope Note: A coastal flax-like plant with a flat leaf like the raupō/bulrush, and a bright red flower head like a toothbrush. It is found naturally only at the Poor Knights Islands, but is now widely cultivated in gardens. Xeronema callistemon.</subfield></datafield></record>