<record><leader>00000nz  a2200000n  4500</leader><controlfield tag="001">4306</controlfield><controlfield tag="003">NzReo</controlfield><controlfield tag="008">140902 n anznnbab|          || ana      </controlfield><datafield tag="040" ind1=" " ind2=" "><subfield code="a">Nz</subfield><subfield code="c">Nz</subfield><subfield code="f">reo</subfield></datafield><datafield tag="150" ind1=" " ind2=" "><subfield code="a">Rautaki</subfield></datafield><datafield tag="450" ind1=" " ind2=" "><subfield code="a">Strategies</subfield></datafield><datafield tag="450" ind1=" " ind2=" "><subfield code="a">Strategy</subfield></datafield><datafield tag="550" ind1=" " ind2=" "><subfield code="w">g</subfield><subfield code="a">Kaupapa</subfield></datafield><datafield tag="550" ind1=" " ind2=" "><subfield code="w">h</subfield><subfield code="a">Rautaki reo</subfield></datafield></record>