<record><leader>00000nz  a2200000n  4500</leader><controlfield tag="001">1287</controlfield><controlfield tag="003">NzReo</controlfield><controlfield tag="008">060503 n anznnbab|          || ana      </controlfield><datafield tag="040" ind1=" " ind2=" "><subfield code="a">Nz</subfield><subfield code="c">Nz</subfield><subfield code="f">reo</subfield></datafield><datafield tag="150" ind1=" " ind2=" "><subfield code="a">Rei puta</subfield></datafield><datafield tag="450" ind1=" " ind2=" "><subfield code="a">Adornments (Whale's tooth)</subfield></datafield><datafield tag="450" ind1=" " ind2=" "><subfield code="a">Jewellery (Whale's tooth)</subfield></datafield><datafield tag="550" ind1=" " ind2=" "><subfield code="w">g</subfield><subfield code="a">Whakakai</subfield></datafield><datafield tag="680" ind1=" " ind2=" "><subfield code="i">Whakamārama: He whakakai te rei puta hangai mai i te niho tohorā.</subfield></datafield><datafield tag="680" ind1=" " ind2=" "><subfield code="i">Scope Note: A neck adornment made from the tooth of a sperm whale.</subfield></datafield></record>