<record><leader>00000nz  a2200000n  4500</leader><controlfield tag="001">1700</controlfield><controlfield tag="003">NzReo</controlfield><controlfield tag="008">060524 n anznnbab|          || ana      </controlfield><datafield tag="040" ind1=" " ind2=" "><subfield code="a">Nz</subfield><subfield code="c">Nz</subfield><subfield code="f">reo</subfield></datafield><datafield tag="150" ind1=" " ind2=" "><subfield code="a">Remuremu</subfield></datafield><datafield tag="450" ind1=" " ind2=" "><subfield code="a">Raumangu</subfield></datafield><datafield tag="450" ind1=" " ind2=" "><subfield code="a">Rekoreko</subfield></datafield><datafield tag="550" ind1=" " ind2=" "><subfield code="w">g</subfield><subfield code="a">Otaota</subfield></datafield><datafield tag="680" ind1=" " ind2=" "><subfield code="i">Whakamārama: He otaota ririki, rārāpiri. He rite ki te pānakenake engari he itiiti iho ngā pua, he maheni nga rau.</subfield></datafield><datafield tag="680" ind1=" " ind2=" "><subfield code="i">Scope Note: A small creeping plant with small white flowers and smooth leaves. Selliera radicans.</subfield></datafield></record>