<record><leader>00000nz  a2200000n  4500</leader><controlfield tag="001">1701</controlfield><controlfield tag="003">NzReo</controlfield><controlfield tag="008">060524 n anznnbab|          || ana      </controlfield><datafield tag="040" ind1=" " ind2=" "><subfield code="a">Nz</subfield><subfield code="c">Nz</subfield><subfield code="f">reo</subfield></datafield><datafield tag="150" ind1=" " ind2=" "><subfield code="a">Remuroa</subfield></datafield><datafield tag="450" ind1=" " ind2=" "><subfield code="a">Raupeti</subfield></datafield><datafield tag="450" ind1=" " ind2=" "><subfield code="a">Nightshades, Smallflowered</subfield></datafield><datafield tag="450" ind1=" " ind2=" "><subfield code="a">Smallflowered nightshades</subfield></datafield><datafield tag="550" ind1=" " ind2=" "><subfield code="w">g</subfield><subfield code="a">Otaota</subfield></datafield><datafield tag="680" ind1=" " ind2=" "><subfield code="i">Whakamārama: He otaota ririki, he rite ngā pua ki o te rīwai. He pango ngā hua.</subfield></datafield><datafield tag="680" ind1=" " ind2=" "><subfield code="i">Scope Note: A small plant with a flower like the potato and a black berry. Solanum americanum.</subfield></datafield></record>