<record><leader>00000nz  a2200000n  4500</leader><controlfield tag="001">1149</controlfield><controlfield tag="003">NzReo</controlfield><controlfield tag="008">060331 n anznnbab|          || ana      </controlfield><datafield tag="040" ind1=" " ind2=" "><subfield code="a">Nz</subfield><subfield code="c">Nz</subfield><subfield code="f">reo</subfield></datafield><datafield tag="150" ind1=" " ind2=" "><subfield code="a">Reo-ā-iwi</subfield></datafield><datafield tag="450" ind1=" " ind2=" "><subfield code="a">Mita o te reo</subfield></datafield><datafield tag="450" ind1=" " ind2=" "><subfield code="a">Tangi o te reo</subfield></datafield><datafield tag="450" ind1=" " ind2=" "><subfield code="a">Dialects</subfield></datafield><datafield tag="450" ind1=" " ind2=" "><subfield code="a">Tribal dialects</subfield></datafield><datafield tag="550" ind1=" " ind2=" "><subfield code="a">Iwi</subfield></datafield><datafield tag="550" ind1=" " ind2=" "><subfield code="w">g</subfield><subfield code="a">Reo Māori</subfield></datafield><datafield tag="680" ind1=" " ind2=" "><subfield code="i">Whakamārama: He tirohanga ki te mita me te tangi o te reo o tēnā iwi, o tēnā iwi.</subfield></datafield><datafield tag="680" ind1=" " ind2=" "><subfield code="i">Scope Note: Use for works about iwi/tribal dialects or works featuring a specific tribal language. Use this heading in addition to the iwi or hapū name from the Iwi and Hapū Names List if known - http://iwihapu.natlib.govt.nz/iwi-hapu/.</subfield></datafield></record>