<record><leader>00000nz  a2200000n  4500</leader><controlfield tag="001">3341</controlfield><controlfield tag="003">NzReo</controlfield><controlfield tag="008">101221 n anznnbab|          || ana      </controlfield><datafield tag="040" ind1=" " ind2=" "><subfield code="a">Nz</subfield><subfield code="c">Nz</subfield><subfield code="f">reo</subfield></datafield><datafield tag="150" ind1=" " ind2=" "><subfield code="a">Reo irirangi</subfield></datafield><datafield tag="450" ind1=" " ind2=" "><subfield code="a">Waerehe</subfield></datafield><datafield tag="450" ind1=" " ind2=" "><subfield code="a">Radio</subfield></datafield><datafield tag="450" ind1=" " ind2=" "><subfield code="a">Radio stations</subfield></datafield><datafield tag="450" ind1=" " ind2=" "><subfield code="a">Stations, Radio</subfield></datafield><datafield tag="550" ind1=" " ind2=" "><subfield code="a">Kaipāho</subfield></datafield><datafield tag="550" ind1=" " ind2=" "><subfield code="a">Kaiwhakaari</subfield></datafield><datafield tag="550" ind1=" " ind2=" "><subfield code="a">Kawe kōrero</subfield></datafield><datafield tag="550" ind1=" " ind2=" "><subfield code="a">Pūrongorongo</subfield></datafield><datafield tag="550" ind1=" " ind2=" "><subfield code="a">Toi whakaari</subfield></datafield><datafield tag="550" ind1=" " ind2=" "><subfield code="w">g</subfield><subfield code="a">Pāpāho</subfield></datafield><datafield tag="550" ind1=" " ind2=" "><subfield code="w">h</subfield><subfield code="a">Pānuitanga whakatairanga</subfield></datafield></record>