<record><leader>00000nz  a2200000n  4500</leader><controlfield tag="001">2724</controlfield><controlfield tag="003">NzReo</controlfield><controlfield tag="008">060607 n anznnbab|          || ana      </controlfield><datafield tag="040" ind1=" " ind2=" "><subfield code="a">Nz</subfield><subfield code="c">Nz</subfield><subfield code="f">reo</subfield></datafield><datafield tag="150" ind1=" " ind2=" "><subfield code="a">Reorua</subfield></datafield><datafield tag="450" ind1=" " ind2=" "><subfield code="a">Bilingual</subfield></datafield><datafield tag="550" ind1=" " ind2=" "><subfield code="a">Whakamāori</subfield></datafield><datafield tag="550" ind1=" " ind2=" "><subfield code="w">g</subfield><subfield code="a">Reo Māori</subfield></datafield><datafield tag="680" ind1=" " ind2=" "><subfield code="i">Whakamārama: Ko te reo Māori me tētahi atu reo anō.</subfield></datafield><datafield tag="680" ind1=" " ind2=" "><subfield code="i">Scope Note: To be used for bilingual material when it is in te reo Māori and another language.</subfield></datafield></record>