<record><leader>00000nz  a2200000n  4500</leader><controlfield tag="001">2637</controlfield><controlfield tag="003">NzReo</controlfield><controlfield tag="008">060607 n anznnbab|          || ana      </controlfield><datafield tag="040" ind1=" " ind2=" "><subfield code="a">Nz</subfield><subfield code="c">Nz</subfield><subfield code="f">reo</subfield></datafield><datafield tag="150" ind1=" " ind2=" "><subfield code="a">Reremai</subfield></datafield><datafield tag="450" ind1=" " ind2=" "><subfield code="a">Basking sharks</subfield></datafield><datafield tag="450" ind1=" " ind2=" "><subfield code="a">Sharks, Basking</subfield></datafield><datafield tag="550" ind1=" " ind2=" "><subfield code="w">g</subfield><subfield code="a">Ika moana</subfield></datafield><datafield tag="680" ind1=" " ind2=" "><subfield code="i">Whakamārama: He tino rahi tēnei mangō, he roroa ngā pihapiha. Kautere noa ai ki te kimi i ana kai, i ngā ngārara tino ririki o te aumoana.</subfield></datafield><datafield tag="680" ind1=" " ind2=" "><subfield code="i">Scope Note: A very large shark with long gill slits. It feeds on plankton and is seen floating at the surface of the sea. Cetorhinus maximus.</subfield></datafield></record>