<record><leader>00000nz  a2200000n  4500</leader><controlfield tag="001">214</controlfield><controlfield tag="003">NzReo</controlfield><controlfield tag="008">060607 n anznnbab|          || ana      </controlfield><datafield tag="040" ind1=" " ind2=" "><subfield code="a">Nz</subfield><subfield code="c">Nz</subfield><subfield code="f">reo</subfield></datafield><datafield tag="150" ind1=" " ind2=" "><subfield code="a">Rerenga kōrero</subfield></datafield><datafield tag="450" ind1=" " ind2=" "><subfield code="a">Commentaries, Social</subfield></datafield><datafield tag="450" ind1=" " ind2=" "><subfield code="a">Social commentaries</subfield></datafield><datafield tag="550" ind1=" " ind2=" "><subfield code="w">g</subfield><subfield code="a">Reo Māori</subfield></datafield><datafield tag="680" ind1=" " ind2=" "><subfield code="i">Whakamārama: He whāinga kupu, he whakahēnga rānei nā te kaikōrero i ngā āhuatanga o te wā.</subfield></datafield><datafield tag="680" ind1=" " ind2=" "><subfield code="i">Scope Note: Social commentary or criticism delivered in Māori.</subfield></datafield></record>