<record><leader>00000nz  a2200000n  4500</leader><controlfield tag="001">1901</controlfield><controlfield tag="003">NzReo</controlfield><controlfield tag="008">060524 n anznnbab|          || ana      </controlfield><datafield tag="040" ind1=" " ind2=" "><subfield code="a">Nz</subfield><subfield code="c">Nz</subfield><subfield code="f">reo</subfield></datafield><datafield tag="150" ind1=" " ind2=" "><subfield code="a">Rērēwai</subfield></datafield><datafield tag="450" ind1=" " ind2=" "><subfield code="a">Pondweeds, Red</subfield></datafield><datafield tag="450" ind1=" " ind2=" "><subfield code="a">Red pondweeds</subfield></datafield><datafield tag="550" ind1=" " ind2=" "><subfield code="w">g</subfield><subfield code="a">Otaota waimāori</subfield></datafield><datafield tag="680" ind1=" " ind2=" "><subfield code="i">Whakamārama: He otaota rite ki te mānihi engari he whāiti iho ngā rau. Tipu ai i ngā hāroto. Ko ngā rau kei roto i te wai he roroa ake i ngā mea e rewa ana i runga.</subfield></datafield><datafield tag="680" ind1=" " ind2=" "><subfield code="i">Scope Note: A water plant with much submerged leaves narrower and longer than those which float on the surface. Potamogeton cheesemanii.</subfield></datafield></record>