<record><leader>00000nz  a2200000n  4500</leader><controlfield tag="001">3988</controlfield><controlfield tag="003">NzReo</controlfield><controlfield tag="008">120501 n anznnbab|          || ana      </controlfield><datafield tag="040" ind1=" " ind2=" "><subfield code="a">Nz</subfield><subfield code="c">Nz</subfield><subfield code="f">reo</subfield></datafield><datafield tag="150" ind1=" " ind2=" "><subfield code="a">Rerewhenua</subfield></datafield><datafield tag="450" ind1=" " ind2=" "><subfield code="a">Tereina</subfield></datafield><datafield tag="450" ind1=" " ind2=" "><subfield code="a">Trains</subfield></datafield><datafield tag="450" ind1=" " ind2=" "><subfield code="a">Ngārara muka</subfield></datafield><datafield tag="550" ind1=" " ind2=" "><subfield code="w">g</subfield><subfield code="a">Waka</subfield></datafield><datafield tag="680" ind1=" " ind2=" "><subfield code="i">Whakamārama: He rārangi kāreti e tūhono ana tētahi ki tētahi, ka kumea haeretia e te waka whai pūkaha o mua, e tētahi atu momo pūkaha rānei.</subfield></datafield></record>