<record><leader>00000nz  a2200000n  4500</leader><controlfield tag="001">3709</controlfield><controlfield tag="003">NzReo</controlfield><controlfield tag="008">110607 n anznnbab|          || ana      </controlfield><datafield tag="040" ind1=" " ind2=" "><subfield code="a">Nz</subfield><subfield code="c">Nz</subfield><subfield code="f">reo</subfield></datafield><datafield tag="150" ind1=" " ind2=" "><subfield code="a">Reta</subfield></datafield><datafield tag="450" ind1=" " ind2=" "><subfield code="a">Correspondence</subfield></datafield><datafield tag="450" ind1=" " ind2=" "><subfield code="a">Letters</subfield></datafield><datafield tag="550" ind1=" " ind2=" "><subfield code="w">g</subfield><subfield code="a">Kōrero</subfield></datafield><datafield tag="680" ind1=" " ind2=" "><subfield code="i">Whakamārama: Ko te reta he kōrero ka tuhia, ka tukuna atu ki tētahi.</subfield></datafield><datafield tag="680" ind1=" " ind2=" "><subfield code="i">Scope Note: Can be used for examples of letters and for works about letters.</subfield></datafield></record>