<record><leader>00000nz  a2200000n  4500</leader><controlfield tag="001">1893</controlfield><controlfield tag="003">NzReo</controlfield><controlfield tag="008">060524 n anznnbab|          || ana      </controlfield><datafield tag="040" ind1=" " ind2=" "><subfield code="a">Nz</subfield><subfield code="c">Nz</subfield><subfield code="f">reo</subfield></datafield><datafield tag="150" ind1=" " ind2=" "><subfield code="a">Retoreto</subfield></datafield><datafield tag="450" ind1=" " ind2=" "><subfield code="a">Returetu</subfield></datafield><datafield tag="450" ind1=" " ind2=" "><subfield code="a">Ferns, Floating</subfield></datafield><datafield tag="450" ind1=" " ind2=" "><subfield code="a">Floating ferns</subfield></datafield><datafield tag="550" ind1=" " ind2=" "><subfield code="w">g</subfield><subfield code="a">Otaota waimāori</subfield></datafield><datafield tag="680" ind1=" " ind2=" "><subfield code="i">Whakamārama: He otaota ririki, hora noa ai i runga i te wai whakaroto. He pūwhero.</subfield></datafield><datafield tag="680" ind1=" " ind2=" "><subfield code="i">Scope Note: A small floating plant forming dense reddish carpets on still water. Azolla spp.</subfield></datafield></record>