<record><leader>00000nz  a2200000n  4500</leader><controlfield tag="001">1915</controlfield><controlfield tag="003">NzReo</controlfield><controlfield tag="008">060524 n anznnbab|          || ana      </controlfield><datafield tag="040" ind1=" " ind2=" "><subfield code="a">Nz</subfield><subfield code="c">Nz</subfield><subfield code="f">reo</subfield></datafield><datafield tag="150" ind1=" " ind2=" "><subfield code="a">Rewarewa</subfield></datafield><datafield tag="550" ind1=" " ind2=" "><subfield code="w">g</subfield><subfield code="a">Rākau whakakake</subfield></datafield><datafield tag="680" ind1=" " ind2=" "><subfield code="i">Whakamārama: He rākau tino teitei, pūhihi hoki. He roroa, he whāiti, he nihoniho, ngā rau, he kārikihina a waho. Ko ngā pua he ura, he pūhui.</subfield></datafield><datafield tag="680" ind1=" " ind2=" "><subfield code="i">Scope Note: A tall slender tree with long narrow, toothed leaves which are glaucous (have a bloom) underneath. The red brown flowers grow in a bunch and have long spiky anthers. Knightia excelsa.</subfield></datafield></record>