<record><leader>00000nz  a2200000n  4500</leader><controlfield tag="001">1916</controlfield><controlfield tag="003">NzReo</controlfield><controlfield tag="008">060524 n anznnbab|          || ana      </controlfield><datafield tag="040" ind1=" " ind2=" "><subfield code="a">Nz</subfield><subfield code="c">Nz</subfield><subfield code="f">reo</subfield></datafield><datafield tag="150" ind1=" " ind2=" "><subfield code="a">Rimu</subfield></datafield><datafield tag="450" ind1=" " ind2=" "><subfield code="a">Puaka</subfield></datafield><datafield tag="450" ind1=" " ind2=" "><subfield code="a">Pines, Red</subfield></datafield><datafield tag="450" ind1=" " ind2=" "><subfield code="a">Red pines</subfield></datafield><datafield tag="550" ind1=" " ind2=" "><subfield code="w">g</subfield><subfield code="a">Rākau whakakake</subfield></datafield><datafield tag="680" ind1=" " ind2=" "><subfield code="i">Whakamārama: He rākau tino roa nō te wao a Tāne. E mata ana he kupakupa ngā rārā, he taratara ngā rau. Kia pakari, kua whakamatika. He rite ngā hua ki o te kāhikatea.</subfield></datafield><datafield tag="680" ind1=" " ind2=" "><subfield code="i">Scope Note: A very tall forest tree. The young tree has drooping branchlets with spiky leaves. The adult foliage is more erect. The fruit is orange like that of the kahikatea. Dacrydium cupressinum.</subfield></datafield></record>