<record><leader>00000nz  a2200000n  4500</leader><controlfield tag="001">1881</controlfield><controlfield tag="003">NzReo</controlfield><controlfield tag="008">060524 n anznnbab|          || ana      </controlfield><datafield tag="040" ind1=" " ind2=" "><subfield code="a">Nz</subfield><subfield code="c">Nz</subfield><subfield code="f">reo</subfield></datafield><datafield tag="150" ind1=" " ind2=" "><subfield code="a">Rimurapa</subfield></datafield><datafield tag="450" ind1=" " ind2=" "><subfield code="a">Bull kelps</subfield></datafield><datafield tag="450" ind1=" " ind2=" "><subfield code="a">Kelps, Bull</subfield></datafield><datafield tag="550" ind1=" " ind2=" "><subfield code="w">g</subfield><subfield code="a">Rimutai</subfield></datafield><datafield tag="680" ind1=" " ind2=" "><subfield code="i">Whakamārama: He rimutai rarahi, mātotoru, pūareare, hāuratea. Kei ngā toka ā tai e tupu ana. Ka pōhahatia hei putunga mō ngā huahua tītī.</subfield></datafield><datafield tag="680" ind1=" " ind2=" "><subfield code="i">Scope Note: A large brown seaweed found on rocky coasts. The middle of the thallus (plant body) is like a honeycomb. Large pieces were split open and used to store muttonbirds. Durvillea spp.</subfield></datafield></record>