<record><leader>00000nz  a2200000n  4500</leader><controlfield tag="001">74</controlfield><controlfield tag="003">NzReo</controlfield><controlfield tag="008">060510 n anznnbab|          || ana      </controlfield><datafield tag="040" ind1=" " ind2=" "><subfield code="a">Nz</subfield><subfield code="c">Nz</subfield><subfield code="f">reo</subfield></datafield><datafield tag="150" ind1=" " ind2=" "><subfield code="a">Rimutai</subfield></datafield><datafield tag="450" ind1=" " ind2=" "><subfield code="a">Marine plants</subfield></datafield><datafield tag="450" ind1=" " ind2=" "><subfield code="a">Plants, Marine</subfield></datafield><datafield tag="450" ind1=" " ind2=" "><subfield code="a">Seaweeds</subfield></datafield><datafield tag="550" ind1=" " ind2=" "><subfield code="a">Otaota waimāori</subfield></datafield><datafield tag="550" ind1=" " ind2=" "><subfield code="w">g</subfield><subfield code="a">Moana</subfield></datafield><datafield tag="550" ind1=" " ind2=" "><subfield code="w">g</subfield><subfield code="a">Ngā uri o Tangaroa</subfield></datafield><datafield tag="550" ind1=" " ind2=" "><subfield code="w">h</subfield><subfield code="a">Karengo</subfield></datafield><datafield tag="550" ind1=" " ind2=" "><subfield code="w">h</subfield><subfield code="a">Karepō</subfield></datafield><datafield tag="550" ind1=" " ind2=" "><subfield code="w">h</subfield><subfield code="a">Rimurapa</subfield></datafield><datafield tag="550" ind1=" " ind2=" "><subfield code="w">h</subfield><subfield code="a">Rimurimu</subfield></datafield><datafield tag="680" ind1=" " ind2=" "><subfield code="i">Whakamārama: Ko ngā momo otaota e tupu ana i te tai, pērā i te rimurimu, i te karengo.</subfield></datafield><datafield tag="680" ind1=" " ind2=" "><subfield code="i">Scope Note: Marine plants including seaweeds and other plants that grow in the sea such as karepō/eelgrass.</subfield></datafield></record>