<record><leader>00000nz  a2200000n  4500</leader><controlfield tag="001">471</controlfield><controlfield tag="003">NzReo</controlfield><controlfield tag="008">050624 n anznnbab|          || ana      </controlfield><datafield tag="040" ind1=" " ind2=" "><subfield code="a">Nz</subfield><subfield code="c">Nz</subfield><subfield code="f">reo</subfield></datafield><datafield tag="150" ind1=" " ind2=" "><subfield code="a">Ringa kaha</subfield></datafield><datafield tag="450" ind1=" " ind2=" "><subfield code="a">Conquest, Land</subfield></datafield><datafield tag="450" ind1=" " ind2=" "><subfield code="a">Land conquest</subfield></datafield><datafield tag="450" ind1=" " ind2=" "><subfield code="a">Musket wars</subfield></datafield><datafield tag="450" ind1=" " ind2=" "><subfield code="a">Wars, Musket</subfield></datafield><datafield tag="550" ind1=" " ind2=" "><subfield code="a">Hauhau</subfield></datafield><datafield tag="550" ind1=" " ind2=" "><subfield code="a">Pakanga</subfield></datafield><datafield tag="550" ind1=" " ind2=" "><subfield code="a">Whenua raupatu</subfield></datafield><datafield tag="550" ind1=" " ind2=" "><subfield code="w">g</subfield><subfield code="a">Mana whenua</subfield></datafield><datafield tag="680" ind1=" " ind2=" "><subfield code="i">Whakamārama: Kei te mau tonu te whenua e te tangata whenua i ngā parekura.</subfield></datafield><datafield tag="680" ind1=" " ind2=" "><subfield code="i">Scope Note: Ownership of land maintained and retained by force.</subfield></datafield></record>