<record><leader>00000nz  a2200000n  4500</leader><controlfield tag="001">1356</controlfield><controlfield tag="003">NzReo</controlfield><controlfield tag="008">060511 n anznnbab|          || ana      </controlfield><datafield tag="040" ind1=" " ind2=" "><subfield code="a">Nz</subfield><subfield code="c">Nz</subfield><subfield code="f">reo</subfield></datafield><datafield tag="150" ind1=" " ind2=" "><subfield code="a">Riroriro</subfield></datafield><datafield tag="450" ind1=" " ind2=" "><subfield code="a">Grey warblers</subfield></datafield><datafield tag="450" ind1=" " ind2=" "><subfield code="a">Warblers, Grey</subfield></datafield><datafield tag="550" ind1=" " ind2=" "><subfield code="w">g</subfield><subfield code="a">Manu ngahere</subfield></datafield><datafield tag="680" ind1=" " ind2=" "><subfield code="i">Whakamārama: He manu noho i te māheuheu, i te ngahere. He hinatea te poho, he hāurahina te tuarā.</subfield></datafield><datafield tag="680" ind1=" " ind2=" "><subfield code="i">Scope Note: A small common bird of scrub and forest. It is pale grey below and darker above. Gerygone igata.</subfield></datafield></record>