<record><leader>00000nz  a2200000n  4500</leader><controlfield tag="001">4430</controlfield><controlfield tag="003">NzReo</controlfield><controlfield tag="008">150108 n anznnbab|          || ana      </controlfield><datafield tag="040" ind1=" " ind2=" "><subfield code="a">Nz</subfield><subfield code="c">Nz</subfield><subfield code="f">reo</subfield></datafield><datafield tag="150" ind1=" " ind2=" "><subfield code="a">Ritenga</subfield></datafield><datafield tag="450" ind1=" " ind2=" "><subfield code="a">Practices</subfield></datafield><datafield tag="450" ind1=" " ind2=" "><subfield code="a">Processes</subfield></datafield><datafield tag="450" ind1=" " ind2=" "><subfield code="a">Rites</subfield></datafield><datafield tag="450" ind1=" " ind2=" "><subfield code="a">Rituals</subfield></datafield><datafield tag="550" ind1=" " ind2=" "><subfield code="a">Kawa</subfield></datafield><datafield tag="550" ind1=" " ind2=" "><subfield code="a">Toi moko</subfield></datafield><datafield tag="550" ind1=" " ind2=" "><subfield code="w">g</subfield><subfield code="a">Tikanga</subfield></datafield><datafield tag="550" ind1=" " ind2=" "><subfield code="w">h</subfield><subfield code="a">Kaitangata</subfield></datafield><datafield tag="680" ind1=" " ind2=" "><subfield code="i">Whakamārama: He mahi ā iwi, ā hapū, ā tangata. Ko te ritenga patu manu tētahi.</subfield></datafield><datafield tag="680" ind1=" " ind2=" "><subfield code="i">Scope Note: Methods of applying cultural practices, e.g. methods of bird snaring. Can also apply to Western ideas of rites and rituals.</subfield></datafield></record>