<record><leader>00000nz  a2200000n  4500</leader><controlfield tag="001">793</controlfield><controlfield tag="003">NzReo</controlfield><controlfield tag="008">050825 n anznnbab|          || ana      </controlfield><datafield tag="040" ind1=" " ind2=" "><subfield code="a">Nz</subfield><subfield code="c">Nz</subfield><subfield code="f">reo</subfield></datafield><datafield tag="150" ind1=" " ind2=" "><subfield code="a">Rito nīkau</subfield></datafield><datafield tag="450" ind1=" " ind2=" "><subfield code="a">Nīkau hearts</subfield></datafield><datafield tag="450" ind1=" " ind2=" "><subfield code="a">Palm hearts</subfield></datafield><datafield tag="550" ind1=" " ind2=" "><subfield code="w">g</subfield><subfield code="a">Hua whenua</subfield></datafield><datafield tag="550" ind1=" " ind2=" "><subfield code="w">g</subfield><subfield code="a">Nīkau</subfield></datafield><datafield tag="680" ind1=" " ind2=" "><subfield code="i">Whakamārama: Ko te rito o te nīkau, hei kai.</subfield></datafield><datafield tag="680" ind1=" " ind2=" "><subfield code="i">Scope Note: The heart shoot of the nīkau, used as a vegetable.</subfield></datafield></record>