<record><leader>00000nz  a2200000n  4500</leader><controlfield tag="001">3488</controlfield><controlfield tag="003">NzReo</controlfield><controlfield tag="008">101221 n anznnbab|          || ana      </controlfield><datafield tag="040" ind1=" " ind2=" "><subfield code="a">Nz</subfield><subfield code="c">Nz</subfield><subfield code="f">reo</subfield></datafield><datafield tag="150" ind1=" " ind2=" "><subfield code="a">Rīwai</subfield></datafield><datafield tag="450" ind1=" " ind2=" "><subfield code="a">Hīwai</subfield></datafield><datafield tag="450" ind1=" " ind2=" "><subfield code="a">Potatoes</subfield></datafield><datafield tag="450" ind1=" " ind2=" "><subfield code="a">Parareka</subfield></datafield><datafield tag="450" ind1=" " ind2=" "><subfield code="a">Taewa</subfield></datafield><datafield tag="550" ind1=" " ind2=" "><subfield code="a">Ahu māra</subfield></datafield><datafield tag="550" ind1=" " ind2=" "><subfield code="a">Otaota (Kai)</subfield></datafield><datafield tag="550" ind1=" " ind2=" "><subfield code="w">g</subfield><subfield code="a">Pūtake</subfield></datafield></record>