<record><leader>00000nz  a2200000n  4500</leader><controlfield tag="001">2187</controlfield><controlfield tag="003">NzReo</controlfield><controlfield tag="008">060530 n anznnbab|          || ana      </controlfield><datafield tag="040" ind1=" " ind2=" "><subfield code="a">Nz</subfield><subfield code="c">Nz</subfield><subfield code="f">reo</subfield></datafield><datafield tag="150" ind1=" " ind2=" "><subfield code="a">Rō</subfield></datafield><datafield tag="450" ind1=" " ind2=" "><subfield code="a">Stick insects</subfield></datafield><datafield tag="550" ind1=" " ind2=" "><subfield code="w">g</subfield><subfield code="a">Aitanga pepeke</subfield></datafield><datafield tag="680" ind1=" " ind2=" "><subfield code="i">Whakamārama: He Aitanga Pēpeke. He rōroa ngā tinana me ngā waewae pēpeke. Rite tonu ki ngā rārā e nohoia ana.</subfield></datafield><datafield tag="680" ind1=" " ind2=" "><subfield code="i">Scope Note: Stick insects and mantids. These are large insects with slender legs and a distinctive slow gait.</subfield></datafield></record>