<record><leader>00000nz  a2200000n  4500</leader><controlfield tag="001">3246</controlfield><controlfield tag="003">NzReo</controlfield><controlfield tag="008">101021 n anznnbab|          || ana      </controlfield><datafield tag="040" ind1=" " ind2=" "><subfield code="a">Nz</subfield><subfield code="c">Nz</subfield><subfield code="f">reo</subfield></datafield><datafield tag="150" ind1=" " ind2=" "><subfield code="a">Rokiroki kai</subfield></datafield><datafield tag="450" ind1=" " ind2=" "><subfield code="a">Foods, Frozen</subfield></datafield><datafield tag="450" ind1=" " ind2=" "><subfield code="a">Foods, Non-perishable</subfield></datafield><datafield tag="450" ind1=" " ind2=" "><subfield code="a">Foods, Preserved</subfield></datafield><datafield tag="450" ind1=" " ind2=" "><subfield code="a">Frozen foods</subfield></datafield><datafield tag="450" ind1=" " ind2=" "><subfield code="a">Preserves (Food)</subfield></datafield><datafield tag="550" ind1=" " ind2=" "><subfield code="w">g</subfield><subfield code="a">Kai</subfield></datafield><datafield tag="550" ind1=" " ind2=" "><subfield code="w">h</subfield><subfield code="a">Hinu kai</subfield></datafield><datafield tag="550" ind1=" " ind2=" "><subfield code="w">h</subfield><subfield code="a">Huahua</subfield></datafield><datafield tag="550" ind1=" " ind2=" "><subfield code="w">h</subfield><subfield code="a">Toroī</subfield></datafield><datafield tag="680" ind1=" " ind2=" "><subfield code="i">Whakamārama: Ko ngā kai katoa kia kore ai e pirau, kia kore ai rānei e tere pirau.</subfield></datafield><datafield tag="680" ind1=" " ind2=" "><subfield code="i">Scope Note: Cooked and uncooked preserved foodstuffs, including frozen foods. See also: Hinu kai for cooked foods preserved in oil or fat. See also: Huahua for uncooked preserved fish and game. See also: Toroī for fermented foods.</subfield></datafield></record>