<record><leader>00000nz  a2200000n  4500</leader><controlfield tag="001">159</controlfield><controlfield tag="003">NzReo</controlfield><controlfield tag="008">060601 n anznnbab|          || ana      </controlfield><datafield tag="040" ind1=" " ind2=" "><subfield code="a">Nz</subfield><subfield code="c">Nz</subfield><subfield code="f">reo</subfield></datafield><datafield tag="150" ind1=" " ind2=" "><subfield code="a">Rona</subfield></datafield><datafield tag="450" ind1=" " ind2=" "><subfield code="a">Hina-te-Iwaiwa</subfield></datafield><datafield tag="450" ind1=" " ind2=" "><subfield code="a">Hina-te-Otaota</subfield></datafield><datafield tag="450" ind1=" " ind2=" "><subfield code="a">Hina-uri</subfield></datafield><datafield tag="450" ind1=" " ind2=" "><subfield code="a">Hine-te-Iwaiwa</subfield></datafield><datafield tag="550" ind1=" " ind2=" "><subfield code="a">Marama</subfield></datafield><datafield tag="550" ind1=" " ind2=" "><subfield code="a">Maramataka</subfield></datafield><datafield tag="550" ind1=" " ind2=" "><subfield code="a">Te Awa Atua</subfield></datafield><datafield tag="550" ind1=" " ind2=" "><subfield code="a">Tōriwha</subfield></datafield><datafield tag="550" ind1=" " ind2=" "><subfield code="w">g</subfield><subfield code="a">Atua</subfield></datafield><datafield tag="680" ind1=" " ind2=" "><subfield code="i">Whakamārama: Na Rona te pō, na Rona te ao hei aronga mo te marama.</subfield></datafield><datafield tag="680" ind1=" " ind2=" "><subfield code="i">Scope Note: The personification of the moon.</subfield></datafield></record>