<record><leader>00000nz  a2200000n  4500</leader><controlfield tag="001">686</controlfield><controlfield tag="003">NzReo</controlfield><controlfield tag="008">050714 n anznnbab|          || ana      </controlfield><datafield tag="040" ind1=" " ind2=" "><subfield code="a">Nz</subfield><subfield code="c">Nz</subfield><subfield code="f">reo</subfield></datafield><datafield tag="150" ind1=" " ind2=" "><subfield code="a">Rongoā</subfield></datafield><datafield tag="450" ind1=" " ind2=" "><subfield code="a">Medicine</subfield></datafield><datafield tag="550" ind1=" " ind2=" "><subfield code="a">Karamuramu</subfield></datafield><datafield tag="550" ind1=" " ind2=" "><subfield code="a">Porotiti</subfield></datafield><datafield tag="550" ind1=" " ind2=" "><subfield code="a">Pūhā</subfield></datafield><datafield tag="550" ind1=" " ind2=" "><subfield code="w">g</subfield><subfield code="a">Hauora</subfield></datafield><datafield tag="550" ind1=" " ind2=" "><subfield code="w">h</subfield><subfield code="a">Wai harakeke</subfield></datafield><datafield tag="680" ind1=" " ind2=" "><subfield code="i">Whakamārama: He mea whakaora i te tīnana, te hinengaro me te wairua, te rongoā Māori.</subfield></datafield><datafield tag="680" ind1=" " ind2=" "><subfield code="i">Scope Note: Holistic and traditional methods of healing, enhancing and enriching wellbeing using natural medicines and/or practices.</subfield></datafield></record>