<record><leader>00000nz  a2200000n  4500</leader><controlfield tag="001">2853</controlfield><controlfield tag="003">NzReo</controlfield><controlfield tag="008">091027 n anznnbab|          || ana      </controlfield><datafield tag="040" ind1=" " ind2=" "><subfield code="a">Nz</subfield><subfield code="c">Nz</subfield><subfield code="f">reo</subfield></datafield><datafield tag="150" ind1=" " ind2=" "><subfield code="a">Rongoā whakairangi</subfield></datafield><datafield tag="450" ind1=" " ind2=" "><subfield code="a">Abuse, Substance</subfield></datafield><datafield tag="450" ind1=" " ind2=" "><subfield code="a">Drug abuse</subfield></datafield><datafield tag="450" ind1=" " ind2=" "><subfield code="a">Drug addiction</subfield></datafield><datafield tag="450" ind1=" " ind2=" "><subfield code="a">Drug dependency</subfield></datafield><datafield tag="450" ind1=" " ind2=" "><subfield code="a">Substance abuse</subfield></datafield><datafield tag="550" ind1=" " ind2=" "><subfield code="w">g</subfield><subfield code="a">Kahungatanga</subfield></datafield><datafield tag="550" ind1=" " ind2=" "><subfield code="w">h</subfield><subfield code="a">Hongi kāpia</subfield></datafield><datafield tag="550" ind1=" " ind2=" "><subfield code="w">h</subfield><subfield code="a">Ngārara pī</subfield></datafield><datafield tag="550" ind1=" " ind2=" "><subfield code="w">h</subfield><subfield code="a">Taru kino</subfield></datafield><datafield tag="680" ind1=" " ind2=" "><subfield code="i">Whakamārama: Ko ngā momo mate e pā ana ki ngā mea whakahe i te tangata.</subfield></datafield><datafield tag="680" ind1=" " ind2=" "><subfield code="i">Scope Note: Covers all types of drug abuse. Use a narrower term where appropriate. See narrower terms for specific drug abuse, e.g. P abuse, marijuana abuse, glue sniffing.</subfield></datafield></record>