<record><leader>00000nz  a2200000n  4500</leader><controlfield tag="001">1112</controlfield><controlfield tag="003">NzReo</controlfield><controlfield tag="008">060324 n anznnbab|          || ana      </controlfield><datafield tag="040" ind1=" " ind2=" "><subfield code="a">Nz</subfield><subfield code="c">Nz</subfield><subfield code="f">reo</subfield></datafield><datafield tag="150" ind1=" " ind2=" "><subfield code="a">Rongomatāne</subfield></datafield><datafield tag="450" ind1=" " ind2=" "><subfield code="a">Rongo (Atua)</subfield></datafield><datafield tag="450" ind1=" " ind2=" "><subfield code="a">Farming, Organic</subfield></datafield><datafield tag="450" ind1=" " ind2=" "><subfield code="a">Gardening, Organic</subfield></datafield><datafield tag="450" ind1=" " ind2=" "><subfield code="a">Organic farming</subfield></datafield><datafield tag="450" ind1=" " ind2=" "><subfield code="a">Organic gardening</subfield></datafield><datafield tag="550" ind1=" " ind2=" "><subfield code="a">Kai</subfield></datafield><datafield tag="550" ind1=" " ind2=" "><subfield code="a">Mahinga kai o te whenua</subfield></datafield><datafield tag="550" ind1=" " ind2=" "><subfield code="a">Rangimārie</subfield></datafield><datafield tag="550" ind1=" " ind2=" "><subfield code="w">g</subfield><subfield code="a">Atua</subfield></datafield><datafield tag="550" ind1=" " ind2=" "><subfield code="w">g</subfield><subfield code="a">Papatūānuku</subfield></datafield><datafield tag="680" ind1=" " ind2=" "><subfield code="i">Whakamārama: Ko ia te atua o ngā kai tipu i te māra, ā, he kaitiaki hoki ia o te rangimarie me te whare kai.</subfield></datafield><datafield tag="680" ind1=" " ind2=" "><subfield code="i">Scope Note: The personification of peace, the god of cultivated foods and the guardian of the dining room.</subfield></datafield></record>