<record><leader>00000nz  a2200000n  4500</leader><controlfield tag="001">2568</controlfield><controlfield tag="003">NzReo</controlfield><controlfield tag="008">060531 n anznnbab|          || ana      </controlfield><datafield tag="040" ind1=" " ind2=" "><subfield code="a">Nz</subfield><subfield code="c">Nz</subfield><subfield code="f">reo</subfield></datafield><datafield tag="150" ind1=" " ind2=" "><subfield code="a">Rōpū Māori</subfield></datafield><datafield tag="450" ind1=" " ind2=" "><subfield code="a">Groups, Māori</subfield></datafield><datafield tag="450" ind1=" " ind2=" "><subfield code="a">Māori groups</subfield></datafield><datafield tag="450" ind1=" " ind2=" "><subfield code="a">Māori trusts</subfield></datafield><datafield tag="450" ind1=" " ind2=" "><subfield code="a">Societies</subfield></datafield><datafield tag="450" ind1=" " ind2=" "><subfield code="a">Trusts, Māori</subfield></datafield><datafield tag="550" ind1=" " ind2=" "><subfield code="a">Āhuatanga pāpori</subfield></datafield><datafield tag="550" ind1=" " ind2=" "><subfield code="a">Hunga mahi toi</subfield></datafield><datafield tag="550" ind1=" " ind2=" "><subfield code="a">Kaitiaki (Whenua)</subfield></datafield><datafield tag="550" ind1=" " ind2=" "><subfield code="a">Mana whakahaere</subfield></datafield><datafield tag="550" ind1=" " ind2=" "><subfield code="a">Rūnanga ā-iwi</subfield></datafield><datafield tag="550" ind1=" " ind2=" "><subfield code="a">Tokomatua</subfield></datafield><datafield tag="550" ind1=" " ind2=" "><subfield code="a">Wātene Māori</subfield></datafield><datafield tag="550" ind1=" " ind2=" "><subfield code="w">g</subfield><subfield code="a">Hapori</subfield></datafield><datafield tag="550" ind1=" " ind2=" "><subfield code="w">h</subfield><subfield code="a">Hui</subfield></datafield><datafield tag="550" ind1=" " ind2=" "><subfield code="w">h</subfield><subfield code="a">Karapu</subfield></datafield><datafield tag="680" ind1=" " ind2=" "><subfield code="i">Whakamārama: He whakarauikatanga tāngata Māori. I ēnei rā he rōpū whakarite kaupapa.</subfield></datafield><datafield tag="680" ind1=" " ind2=" "><subfield code="i">Scope Note: A group or company of Māori. In a modern sense a society, group or association. Includes Māori trusts such as the New Zealand Māori Wardens Association and Māori Women's Welfare League.</subfield></datafield></record>