<record><leader>00000nz  a2200000n  4500</leader><controlfield tag="001">703</controlfield><controlfield tag="003">NzReo</controlfield><controlfield tag="008">050719 n anznnbab|          || ana      </controlfield><datafield tag="040" ind1=" " ind2=" "><subfield code="a">Nz</subfield><subfield code="c">Nz</subfield><subfield code="f">reo</subfield></datafield><datafield tag="150" ind1=" " ind2=" "><subfield code="a">Rōpū tōrangapū</subfield></datafield><datafield tag="450" ind1=" " ind2=" "><subfield code="a">Rōpū whakaawe</subfield></datafield><datafield tag="450" ind1=" " ind2=" "><subfield code="a">Activist groups</subfield></datafield><datafield tag="450" ind1=" " ind2=" "><subfield code="a">Groups, Activist</subfield></datafield><datafield tag="450" ind1=" " ind2=" "><subfield code="a">Groups, Lobby</subfield></datafield><datafield tag="450" ind1=" " ind2=" "><subfield code="a">Lobby groups</subfield></datafield><datafield tag="450" ind1=" " ind2=" "><subfield code="a">Political groups</subfield></datafield><datafield tag="450" ind1=" " ind2=" "><subfield code="a">Political parties</subfield></datafield><datafield tag="550" ind1=" " ind2=" "><subfield code="a">Kōtahitanga</subfield></datafield><datafield tag="550" ind1=" " ind2=" "><subfield code="a">Mautohe</subfield></datafield><datafield tag="550" ind1=" " ind2=" "><subfield code="a">Pāremata</subfield></datafield><datafield tag="550" ind1=" " ind2=" "><subfield code="w">g</subfield><subfield code="a">Tōrangapū</subfield></datafield><datafield tag="680" ind1=" " ind2=" "><subfield code="i">Whakamārama: Ko ngā momo rangapū katoa o te Paremata ki waho, ki roto rānei, kia whāia tonu ngā kaupapa tōrangapū.</subfield></datafield><datafield tag="680" ind1=" " ind2=" "><subfield code="i">Scope Note: Political parties and groups, who sit inside or outside Parliament, that seek to achieve a political objective.</subfield></datafield></record>