<record><leader>00000nz  a2200000n  4500</leader><controlfield tag="001">622</controlfield><controlfield tag="003">NzReo</controlfield><controlfield tag="008">050714 n anznnbab|          || ana      </controlfield><datafield tag="040" ind1=" " ind2=" "><subfield code="a">Nz</subfield><subfield code="c">Nz</subfield><subfield code="f">reo</subfield></datafield><datafield tag="150" ind1=" " ind2=" "><subfield code="a">Roria</subfield></datafield><datafield tag="450" ind1=" " ind2=" "><subfield code="a">Jew's harp, Māori</subfield></datafield><datafield tag="550" ind1=" " ind2=" "><subfield code="a">Tānetuarōria (Taonga pūoro)</subfield></datafield><datafield tag="550" ind1=" " ind2=" "><subfield code="w">g</subfield><subfield code="a">Taonga pūoro</subfield></datafield><datafield tag="680" ind1=" " ind2=" "><subfield code="i">Whakamārama: He wahie tēnei taonga. E orite ana tana reo ki te "Jew's harp".</subfield></datafield><datafield tag="680" ind1=" " ind2=" "><subfield code="i">Scope Note: This instrument is made from a sliver of wood and uses the same playing technique as the Jew's harp.</subfield></datafield></record>