<record><leader>00000nz  a2200000n  4500</leader><controlfield tag="001">2742</controlfield><controlfield tag="003">NzReo</controlfield><controlfield tag="008">060607 n anznnbab|          || ana      </controlfield><datafield tag="040" ind1=" " ind2=" "><subfield code="a">Nz</subfield><subfield code="c">Nz</subfield><subfield code="f">reo</subfield></datafield><datafield tag="150" ind1=" " ind2=" "><subfield code="a">Rorohiko</subfield></datafield><datafield tag="450" ind1=" " ind2=" "><subfield code="a">Computer science</subfield></datafield><datafield tag="550" ind1=" " ind2=" "><subfield code="a">Hangarau mōhiohio</subfield></datafield><datafield tag="550" ind1=" " ind2=" "><subfield code="a">Ipurangi</subfield></datafield><datafield tag="550" ind1=" " ind2=" "><subfield code="a">Pae tukutuku</subfield></datafield><datafield tag="550" ind1=" " ind2=" "><subfield code="w">g</subfield><subfield code="a">Hangarau</subfield></datafield><datafield tag="680" ind1=" " ind2=" "><subfield code="i">Whakamārama: Ko te mātauranga o ngā mahi rorohiko.</subfield></datafield><datafield tag="680" ind1=" " ind2=" "><subfield code="i">Scope Note: The study of computer technology.</subfield></datafield></record>