<record><leader>00000nz  a2200000n  4500</leader><controlfield tag="001">3999</controlfield><controlfield tag="003">NzReo</controlfield><controlfield tag="008">120501 n anznnbab|          || ana      </controlfield><datafield tag="040" ind1=" " ind2=" "><subfield code="a">Nz</subfield><subfield code="c">Nz</subfield><subfield code="f">reo</subfield></datafield><datafield tag="150" ind1=" " ind2=" "><subfield code="a">Rorohiko tākaro</subfield></datafield><datafield tag="450" ind1=" " ind2=" "><subfield code="a">Computer games</subfield></datafield><datafield tag="450" ind1=" " ind2=" "><subfield code="a">Games, Computer</subfield></datafield><datafield tag="450" ind1=" " ind2=" "><subfield code="a">Games, Video</subfield></datafield><datafield tag="450" ind1=" " ind2=" "><subfield code="a">Video games</subfield></datafield><datafield tag="550" ind1=" " ind2=" "><subfield code="w">g</subfield><subfield code="a">Hangarau</subfield></datafield><datafield tag="550" ind1=" " ind2=" "><subfield code="w">h</subfield><subfield code="a">Mihini ātea</subfield></datafield><datafield tag="680" ind1=" " ind2=" "><subfield code="i">Whakamārama: Ko ngā kēmu rorohiko katoa.</subfield></datafield><datafield tag="680" ind1=" " ind2=" "><subfield code="i">Scope Note: A general heading for all computer and video games. Can be used for examples of computer/video games or for works about computer/video games.</subfield></datafield></record>