<record><leader>00000nz  a2200000n  4500</leader><controlfield tag="001">734</controlfield><controlfield tag="003">NzReo</controlfield><controlfield tag="008">050825 n anznnbab|          || ana      </controlfield><datafield tag="040" ind1=" " ind2=" "><subfield code="a">Nz</subfield><subfield code="c">Nz</subfield><subfield code="f">reo</subfield></datafield><datafield tag="150" ind1=" " ind2=" "><subfield code="a">Rotarota</subfield></datafield><datafield tag="450" ind1=" " ind2=" "><subfield code="a">Chants, Hand game</subfield></datafield><datafield tag="450" ind1=" " ind2=" "><subfield code="a">Hand game chants</subfield></datafield><datafield tag="550" ind1=" " ind2=" "><subfield code="a">Poi</subfield></datafield><datafield tag="550" ind1=" " ind2=" "><subfield code="a">Whakaraka</subfield></datafield><datafield tag="550" ind1=" " ind2=" "><subfield code="w">g</subfield><subfield code="a">Waiata koroua</subfield></datafield><datafield tag="550" ind1=" " ind2=" "><subfield code="w">h</subfield><subfield code="a">Whai</subfield></datafield><datafield tag="680" ind1=" " ind2=" "><subfield code="i">Whakamārama: He momo waiata whakakaha i te koi o te hinengaro a ngā mahi o ngā ringaringa.</subfield></datafield><datafield tag="680" ind1=" " ind2=" "><subfield code="i">Scope Note: Hand game chants to develop hand-eye co-ordination skills.</subfield></datafield></record>