<record><leader>00000nz  a2200000n  4500</leader><controlfield tag="001">4189</controlfield><controlfield tag="003">NzReo</controlfield><controlfield tag="008">131014 n anznnbab|          || ana      </controlfield><datafield tag="040" ind1=" " ind2=" "><subfield code="a">Nz</subfield><subfield code="c">Nz</subfield><subfield code="f">reo</subfield></datafield><datafield tag="150" ind1=" " ind2=" "><subfield code="a">Roto</subfield></datafield><datafield tag="450" ind1=" " ind2=" "><subfield code="a">Lakes</subfield></datafield><datafield tag="550" ind1=" " ind2=" "><subfield code="w">g</subfield><subfield code="a">Wai</subfield></datafield><datafield tag="550" ind1=" " ind2=" "><subfield code="w">h</subfield><subfield code="a">Mahinga kai o te wai</subfield></datafield><datafield tag="680" ind1=" " ind2=" "><subfield code="i">Whakamārama: He puna nui wai Māori, wai moana hoki.</subfield></datafield><datafield tag="680" ind1=" " ind2=" "><subfield code="i">Scope Note: Freshwater and saltwater lakes.</subfield></datafield></record>