<record><leader>00000nz  a2200000n  4500</leader><controlfield tag="001">3905</controlfield><controlfield tag="003">NzReo</controlfield><controlfield tag="008">111215 n anznnbab|          || ana      </controlfield><datafield tag="040" ind1=" " ind2=" "><subfield code="a">Nz</subfield><subfield code="c">Nz</subfield><subfield code="f">reo</subfield></datafield><datafield tag="150" ind1=" " ind2=" "><subfield code="a">Rū whenua</subfield></datafield><datafield tag="450" ind1=" " ind2=" "><subfield code="a">Oioi o Papatūānuku</subfield></datafield><datafield tag="450" ind1=" " ind2=" "><subfield code="a">Rū o te whenua</subfield></datafield><datafield tag="450" ind1=" " ind2=" "><subfield code="a">Rūrū whenua</subfield></datafield><datafield tag="450" ind1=" " ind2=" "><subfield code="a">Earthquakes</subfield></datafield><datafield tag="550" ind1=" " ind2=" "><subfield code="a">Papatūānuku</subfield></datafield><datafield tag="550" ind1=" " ind2=" "><subfield code="a">Rūaumoko</subfield></datafield><datafield tag="550" ind1=" " ind2=" "><subfield code="w">g</subfield><subfield code="a">Aituā (Taiao)</subfield></datafield></record>