<record><leader>00000nz  a2200000n  4500</leader><controlfield tag="001">1210</controlfield><controlfield tag="003">NzReo</controlfield><controlfield tag="008">060413 n anznnbab|          || ana      </controlfield><datafield tag="040" ind1=" " ind2=" "><subfield code="a">Nz</subfield><subfield code="c">Nz</subfield><subfield code="f">reo</subfield></datafield><datafield tag="150" ind1=" " ind2=" "><subfield code="a">Ruakapanga</subfield></datafield><datafield tag="550" ind1=" " ind2=" "><subfield code="a">Whare</subfield></datafield><datafield tag="550" ind1=" " ind2=" "><subfield code="w">g</subfield><subfield code="a">Atua</subfield></datafield><datafield tag="680" ind1=" " ind2=" "><subfield code="i">Whakamārama: He momo atua a Ruakapanga. Māna e tiki te mātauranga ki te hanga whare whakairo mai i a Rangitamaku.</subfield></datafield><datafield tag="680" ind1=" " ind2=" "><subfield code="i">Scope Note: A demigod who climbed to Rangitamaku to retrieve the knowledge of house building.</subfield></datafield></record>