<record><leader>00000nz  a2200000n  4500</leader><controlfield tag="001">90</controlfield><controlfield tag="003">NzReo</controlfield><controlfield tag="008">060526 n anznnbab|          || ana      </controlfield><datafield tag="040" ind1=" " ind2=" "><subfield code="a">Nz</subfield><subfield code="c">Nz</subfield><subfield code="f">reo</subfield></datafield><datafield tag="150" ind1=" " ind2=" "><subfield code="a">Rūaumoko</subfield></datafield><datafield tag="450" ind1=" " ind2=" "><subfield code="a">Rūaimoko</subfield></datafield><datafield tag="550" ind1=" " ind2=" "><subfield code="a">Ō kawekawe</subfield></datafield><datafield tag="550" ind1=" " ind2=" "><subfield code="a">Pahūtanga</subfield></datafield><datafield tag="550" ind1=" " ind2=" "><subfield code="a">Pūngao ngāwhā</subfield></datafield><datafield tag="550" ind1=" " ind2=" "><subfield code="a">Pūtaiao</subfield></datafield><datafield tag="550" ind1=" " ind2=" "><subfield code="a">Rū whenua</subfield></datafield><datafield tag="550" ind1=" " ind2=" "><subfield code="a">Tā moko (Tā ngira)</subfield></datafield><datafield tag="550" ind1=" " ind2=" "><subfield code="a">Tā moko (Uhi)</subfield></datafield><datafield tag="550" ind1=" " ind2=" "><subfield code="a">Toa</subfield></datafield><datafield tag="550" ind1=" " ind2=" "><subfield code="a">Tūhua</subfield></datafield><datafield tag="550" ind1=" " ind2=" "><subfield code="w">g</subfield><subfield code="a">Atua</subfield></datafield><datafield tag="680" ind1=" " ind2=" "><subfield code="i">Whakamārama: Ko ia te atua o te rū whenua, ā, te pōtiki hoki o te tini whāioio.</subfield></datafield><datafield tag="680" ind1=" " ind2=" "><subfield code="i">Scope Note: The god of earthquakes and the youngest of the family.</subfield></datafield></record>