<record><leader>00000nz  a2200000n  4500</leader><controlfield tag="001">1193</controlfield><controlfield tag="003">NzReo</controlfield><controlfield tag="008">060331 n anznnbab|          || ana      </controlfield><datafield tag="040" ind1=" " ind2=" "><subfield code="a">Nz</subfield><subfield code="c">Nz</subfield><subfield code="f">reo</subfield></datafield><datafield tag="150" ind1=" " ind2=" "><subfield code="a">Ruku kōura</subfield></datafield><datafield tag="450" ind1=" " ind2=" "><subfield code="a">Crayfish catching</subfield></datafield><datafield tag="550" ind1=" " ind2=" "><subfield code="a">Kōura mara</subfield></datafield><datafield tag="550" ind1=" " ind2=" "><subfield code="w">g</subfield><subfield code="a">Mahinga ika tūturu</subfield></datafield><datafield tag="550" ind1=" " ind2=" "><subfield code="w">h</subfield><subfield code="a">Tāruke</subfield></datafield><datafield tag="680" ind1=" " ind2=" "><subfield code="i">Whakamārama: E ruku ana te tangata i te wai ki te hōpu kōura, ā, he momo mahinga kai te ruku kōura.</subfield></datafield><datafield tag="680" ind1=" " ind2=" "><subfield code="i">Scope Note: Diving for crayfish.</subfield></datafield></record>