<record><leader>00000nz  a2200000n  4500</leader><controlfield tag="001">1702</controlfield><controlfield tag="003">NzReo</controlfield><controlfield tag="008">060524 n anznnbab|          || ana      </controlfield><datafield tag="040" ind1=" " ind2=" "><subfield code="a">Nz</subfield><subfield code="c">Nz</subfield><subfield code="f">reo</subfield></datafield><datafield tag="150" ind1=" " ind2=" "><subfield code="a">Runa</subfield></datafield><datafield tag="450" ind1=" " ind2=" "><subfield code="a">Docks (Plants)</subfield></datafield><datafield tag="550" ind1=" " ind2=" "><subfield code="w">g</subfield><subfield code="a">Otaota</subfield></datafield><datafield tag="680" ind1=" " ind2=" "><subfield code="i">Whakamārama: He otaota hāura. He whāiti, he pakini ngā rau, he pūngarungaru ngā tapa.</subfield></datafield><datafield tag="680" ind1=" " ind2=" "><subfield code="i">Scope Note: A brown spreading plant with narrow notched leaves with wavy edges. Rumex flexuosus.</subfield></datafield></record>