<record><leader>00000nz  a2200000n  4500</leader><controlfield tag="001">3614</controlfield><controlfield tag="003">NzReo</controlfield><controlfield tag="008">110603 n anznnbab|          || ana      </controlfield><datafield tag="040" ind1=" " ind2=" "><subfield code="a">Nz</subfield><subfield code="c">Nz</subfield><subfield code="f">reo</subfield></datafield><datafield tag="150" ind1=" " ind2=" "><subfield code="a">Rūnanga ā-iwi</subfield></datafield><datafield tag="450" ind1=" " ind2=" "><subfield code="a">Rūnanga iwi</subfield></datafield><datafield tag="450" ind1=" " ind2=" "><subfield code="a">Rūnanganui</subfield></datafield><datafield tag="450" ind1=" " ind2=" "><subfield code="a">Authorities, Urban Māori</subfield></datafield><datafield tag="450" ind1=" " ind2=" "><subfield code="a">Incorporated societies, Tribal</subfield></datafield><datafield tag="450" ind1=" " ind2=" "><subfield code="a">Organisations, Pan-iwi</subfield></datafield><datafield tag="450" ind1=" " ind2=" "><subfield code="a">Organisations, Tribal</subfield></datafield><datafield tag="450" ind1=" " ind2=" "><subfield code="a">Tribal incorporated societies</subfield></datafield><datafield tag="450" ind1=" " ind2=" "><subfield code="a">Tribal organisations</subfield></datafield><datafield tag="450" ind1=" " ind2=" "><subfield code="a">Urban Māori authorities</subfield></datafield><datafield tag="450" ind1=" " ind2=" "><subfield code="a">Rūnaka</subfield></datafield><datafield tag="550" ind1=" " ind2=" "><subfield code="a">Ahumahi</subfield></datafield><datafield tag="550" ind1=" " ind2=" "><subfield code="a">Kaitiaki (Whenua)</subfield></datafield><datafield tag="550" ind1=" " ind2=" "><subfield code="a">Mana whakahaere</subfield></datafield><datafield tag="550" ind1=" " ind2=" "><subfield code="a">Ratonga ki te iwi</subfield></datafield><datafield tag="550" ind1=" " ind2=" "><subfield code="a">Rōpū Māori</subfield></datafield><datafield tag="550" ind1=" " ind2=" "><subfield code="a">Umanga</subfield></datafield><datafield tag="550" ind1=" " ind2=" "><subfield code="a">Whakapakari ā-iwi</subfield></datafield><datafield tag="550" ind1=" " ind2=" "><subfield code="w">g</subfield><subfield code="a">Iwi</subfield></datafield><datafield tag="680" ind1=" " ind2=" "><subfield code="i">Whakamārama: He rōpū rangatira, he kaumātua rānei ka noho ki te whakahaere i ngā take a te iwi.</subfield></datafield><datafield tag="680" ind1=" " ind2=" "><subfield code="i">Scope Note: Iwi organisations and urban Māori organisations.</subfield></datafield></record>