<record><leader>00000nz  a2200000n  4500</leader><controlfield tag="001">1135</controlfield><controlfield tag="003">NzReo</controlfield><controlfield tag="008">060331 n anznnbab|          || ana      </controlfield><datafield tag="040" ind1=" " ind2=" "><subfield code="a">Nz</subfield><subfield code="c">Nz</subfield><subfield code="f">reo</subfield></datafield><datafield tag="150" ind1=" " ind2=" "><subfield code="a">Rūpahu</subfield></datafield><datafield tag="450" ind1=" " ind2=" "><subfield code="a">Lying</subfield></datafield><datafield tag="450" ind1=" " ind2=" "><subfield code="a">Rūkahu</subfield></datafield><datafield tag="550" ind1=" " ind2=" "><subfield code="w">g</subfield><subfield code="a">Kōrero</subfield></datafield><datafield tag="680" ind1=" " ind2=" "><subfield code="i">Whakamārama: He tito ngā kōrero e puta mai ana.</subfield></datafield><datafield tag="680" ind1=" " ind2=" "><subfield code="i">Scope Note: False, untrue, blustering.</subfield></datafield></record>