<record><leader>00000nz  a2200000n  4500</leader><controlfield tag="001">736</controlfield><controlfield tag="003">NzReo</controlfield><controlfield tag="008">050825 n anznnbab|          || ana      </controlfield><datafield tag="040" ind1=" " ind2=" "><subfield code="a">Nz</subfield><subfield code="c">Nz</subfield><subfield code="f">reo</subfield></datafield><datafield tag="150" ind1=" " ind2=" "><subfield code="a">Ruri</subfield></datafield><datafield tag="450" ind1=" " ind2=" "><subfield code="a">Ditties (Amorous)</subfield></datafield><datafield tag="550" ind1=" " ind2=" "><subfield code="a">Pao</subfield></datafield><datafield tag="550" ind1=" " ind2=" "><subfield code="w">g</subfield><subfield code="a">Waiata koroua</subfield></datafield><datafield tag="680" ind1=" " ind2=" "><subfield code="i">Whakamārama: He momo waiata pakupaku tēnei, ko te rereke, ko ngā kupu hatekehi engari ko ngā mea ako anō ki roto.</subfield></datafield><datafield tag="680" ind1=" " ind2=" "><subfield code="i">Scope Note: A song or ditty, usually amorous, accompanied by gestures.</subfield></datafield></record>