<record><leader>00000nz  a2200000n  4500</leader><controlfield tag="001">1359</controlfield><controlfield tag="003">NzReo</controlfield><controlfield tag="008">060511 n anznnbab|          || ana      </controlfield><datafield tag="040" ind1=" " ind2=" "><subfield code="a">Nz</subfield><subfield code="c">Nz</subfield><subfield code="f">reo</subfield></datafield><datafield tag="150" ind1=" " ind2=" "><subfield code="a">Ruru</subfield></datafield><datafield tag="450" ind1=" " ind2=" "><subfield code="a">Koukou</subfield></datafield><datafield tag="450" ind1=" " ind2=" "><subfield code="a">Morepork</subfield></datafield><datafield tag="450" ind1=" " ind2=" "><subfield code="a">Owls</subfield></datafield><datafield tag="550" ind1=" " ind2=" "><subfield code="w">g</subfield><subfield code="a">Manu ngahere</subfield></datafield><datafield tag="680" ind1=" " ind2=" "><subfield code="i">Whakamārama: He manu rere ahiahi. He koukou tana tangi. He hāura kōtiwhatiwha. He pūrerehua tana kai.</subfield></datafield><datafield tag="680" ind1=" " ind2=" "><subfield code="i">Scope Note: A small brown owl commonly seen at dusk feeding on moths and other insects. Ninox novaeseelandiae.</subfield></datafield></record>