<record><leader>00000nz  a2200000n  4500</leader><controlfield tag="001">777</controlfield><controlfield tag="003">NzReo</controlfield><controlfield tag="008">050825 n anznnbab|          || ana      </controlfield><datafield tag="040" ind1=" " ind2=" "><subfield code="a">Nz</subfield><subfield code="c">Nz</subfield><subfield code="f">reo</subfield></datafield><datafield tag="150" ind1=" " ind2=" "><subfield code="a">Super 10s whakataetae a rohe</subfield></datafield><datafield tag="550" ind1=" " ind2=" "><subfield code="a">Super 12s whakataetae a motu</subfield></datafield><datafield tag="550" ind1=" " ind2=" "><subfield code="w">g</subfield><subfield code="a">Kapa haka</subfield></datafield><datafield tag="680" ind1=" " ind2=" "><subfield code="i">Whakamārama: He whakataetae kapa haka kei tēnā rohe kei tēnā takiwā, engari kotahi ngahuru noa iho ngā tangata kei ia kapa.</subfield></datafield><datafield tag="680" ind1=" " ind2=" "><subfield code="i">Scope Note: Contemporary kapa haka regional competitions.</subfield></datafield></record>