<record><leader>00000nz  a2200000n  4500</leader><controlfield tag="001">2782</controlfield><controlfield tag="003">NzReo</controlfield><controlfield tag="008">071210 n anznnbab|          || ana      </controlfield><datafield tag="040" ind1=" " ind2=" "><subfield code="a">Nz</subfield><subfield code="c">Nz</subfield><subfield code="f">reo</subfield></datafield><datafield tag="150" ind1=" " ind2=" "><subfield code="a">Tā</subfield></datafield><datafield tag="450" ind1=" " ind2=" "><subfield code="a">Carving</subfield></datafield><datafield tag="450" ind1=" " ind2=" "><subfield code="a">Drawing</subfield></datafield><datafield tag="550" ind1=" " ind2=" "><subfield code="a">Hunga mahi toi</subfield></datafield><datafield tag="550" ind1=" " ind2=" "><subfield code="a">Tā moko (Uhi)</subfield></datafield><datafield tag="550" ind1=" " ind2=" "><subfield code="a">Whakairo</subfield></datafield><datafield tag="550" ind1=" " ind2=" "><subfield code="a">Whare whakairo</subfield></datafield><datafield tag="550" ind1=" " ind2=" "><subfield code="w">g</subfield><subfield code="a">Toi Māori</subfield></datafield><datafield tag="680" ind1=" " ind2=" "><subfield code="i">Whakamārama: Ānei ētahi whakamārama mo tēnei mea te "tā": te tāia o te kauae me ngā ngutu hei moko kauae, ka tāia te kaiwhakairo i te rākau, ka tāia te kaipeita i tana pikitia.</subfield></datafield><datafield tag="680" ind1=" " ind2=" "><subfield code="i">Scope Note: Use for examples relating to "strike": the chiselling of the chin and lips for tattooing, the carver carving wood, bone or pounamu/greenstone, the artist drawing and painting.</subfield></datafield></record>