<record><leader>00000nz  a2200000n  4500</leader><controlfield tag="001">3897</controlfield><controlfield tag="003">NzReo</controlfield><controlfield tag="008">111215 n anznnbab|          || ana      </controlfield><datafield tag="040" ind1=" " ind2=" "><subfield code="a">Nz</subfield><subfield code="c">Nz</subfield><subfield code="f">reo</subfield></datafield><datafield tag="150" ind1=" " ind2=" "><subfield code="a">Taha moana</subfield></datafield><datafield tag="450" ind1=" " ind2=" "><subfield code="a">One</subfield></datafield><datafield tag="450" ind1=" " ind2=" "><subfield code="a">Onepū</subfield></datafield><datafield tag="450" ind1=" " ind2=" "><subfield code="a">Oneroa</subfield></datafield><datafield tag="450" ind1=" " ind2=" "><subfield code="a">Tāhuna</subfield></datafield><datafield tag="450" ind1=" " ind2=" "><subfield code="a">Tātahi</subfield></datafield><datafield tag="450" ind1=" " ind2=" "><subfield code="a">Tuaone</subfield></datafield><datafield tag="450" ind1=" " ind2=" "><subfield code="a">Beaches</subfield></datafield><datafield tag="550" ind1=" " ind2=" "><subfield code="a">Tangaroa</subfield></datafield><datafield tag="550" ind1=" " ind2=" "><subfield code="w">g</subfield><subfield code="a">Moana</subfield></datafield></record>