<record><leader>00000nz  a2200000n  4500</leader><controlfield tag="001">2388</controlfield><controlfield tag="003">NzReo</controlfield><controlfield tag="008">060531 n anznnbab|          || ana      </controlfield><datafield tag="040" ind1=" " ind2=" "><subfield code="a">Nz</subfield><subfield code="c">Nz</subfield><subfield code="f">reo</subfield></datafield><datafield tag="150" ind1=" " ind2=" "><subfield code="a">Tāhapa</subfield></datafield><datafield tag="450" ind1=" " ind2=" "><subfield code="a">Ambush parties</subfield></datafield><datafield tag="550" ind1=" " ind2=" "><subfield code="w">g</subfield><subfield code="a">Taua</subfield></datafield><datafield tag="680" ind1=" " ind2=" "><subfield code="i">Whakamārama: He kauaeroa hei whakamoke i te hoariri.</subfield></datafield><datafield tag="680" ind1=" " ind2=" "><subfield code="i">Scope Note: A small fighting force concealed to ambush a fighting force of the enemy.</subfield></datafield></record>