<record><leader>00000nz  a2200000n  4500</leader><controlfield tag="001">269</controlfield><controlfield tag="003">NzReo</controlfield><controlfield tag="008">060608 n anznnbab|          || ana      </controlfield><datafield tag="040" ind1=" " ind2=" "><subfield code="a">Nz</subfield><subfield code="c">Nz</subfield><subfield code="f">reo</subfield></datafield><datafield tag="150" ind1=" " ind2=" "><subfield code="a">Tāhiko</subfield></datafield><datafield tag="450" ind1=" " ind2=" "><subfield code="a">Electronics</subfield></datafield><datafield tag="550" ind1=" " ind2=" "><subfield code="a">Hiko</subfield></datafield><datafield tag="550" ind1=" " ind2=" "><subfield code="w">g</subfield><subfield code="a">Ahupūngao</subfield></datafield><datafield tag="680" ind1=" " ind2=" "><subfield code="i">Whakamārama: Tāhiko.</subfield></datafield><datafield tag="680" ind1=" " ind2=" "><subfield code="i">Scope Note: Electronics, a branch of physics.</subfield></datafield></record>