<record><leader>00000nz  a2200000n  4500</leader><controlfield tag="001">4140</controlfield><controlfield tag="003">NzReo</controlfield><controlfield tag="008">130110 n anznnbab|          || ana      </controlfield><datafield tag="040" ind1=" " ind2=" "><subfield code="a">Nz</subfield><subfield code="c">Nz</subfield><subfield code="f">reo</subfield></datafield><datafield tag="150" ind1=" " ind2=" "><subfield code="a">Tahua pūtea</subfield></datafield><datafield tag="450" ind1=" " ind2=" "><subfield code="a">Karāti</subfield></datafield><datafield tag="450" ind1=" " ind2=" "><subfield code="a">Tahua moni</subfield></datafield><datafield tag="450" ind1=" " ind2=" "><subfield code="a">Grants</subfield></datafield><datafield tag="550" ind1=" " ind2=" "><subfield code="a">Karahipi</subfield></datafield><datafield tag="550" ind1=" " ind2=" "><subfield code="a">Ratonga</subfield></datafield><datafield tag="550" ind1=" " ind2=" "><subfield code="w">g</subfield><subfield code="a">Pūtea</subfield></datafield></record>