<record><leader>00000nz  a2200000n  4500</leader><controlfield tag="001">2333</controlfield><controlfield tag="003">NzReo</controlfield><controlfield tag="008">060531 n anznnbab|          || ana      </controlfield><datafield tag="040" ind1=" " ind2=" "><subfield code="a">Nz</subfield><subfield code="c">Nz</subfield><subfield code="f">reo</subfield></datafield><datafield tag="150" ind1=" " ind2=" "><subfield code="a">Taiaha</subfield></datafield><datafield tag="450" ind1=" " ind2=" "><subfield code="a">Hani</subfield></datafield><datafield tag="450" ind1=" " ind2=" "><subfield code="a">Māipi</subfield></datafield><datafield tag="450" ind1=" " ind2=" "><subfield code="a">Pouhani</subfield></datafield><datafield tag="550" ind1=" " ind2=" "><subfield code="a">Mau taiaha</subfield></datafield><datafield tag="550" ind1=" " ind2=" "><subfield code="a">Pouwhenua</subfield></datafield><datafield tag="550" ind1=" " ind2=" "><subfield code="w">g</subfield><subfield code="a">Rākau ā Tū</subfield></datafield><datafield tag="680" ind1=" " ind2=" "><subfield code="i">Whakamārama: He momo rākau nā Tū. He rākau roa, he whāiti te rau, ka kāwitiwiti ki te arero. He huruhuru kurī, huruhuru manu rānei te tauri kei te arero.</subfield></datafield><datafield tag="680" ind1=" " ind2=" "><subfield code="i">Scope Note: A fighting staff with one end shaped like an arero/tongue, and the other as a blade. The arero end is often ornamented with a tauri/woven band of feathers or dog hair.</subfield></datafield></record>