<record><leader>00000nz  a2200000n  4500</leader><controlfield tag="001">3377</controlfield><controlfield tag="003">NzReo</controlfield><controlfield tag="008">101221 n anznnbab|          || ana      </controlfield><datafield tag="040" ind1=" " ind2=" "><subfield code="a">Nz</subfield><subfield code="c">Nz</subfield><subfield code="f">reo</subfield></datafield><datafield tag="150" ind1=" " ind2=" "><subfield code="a">Taiapure</subfield></datafield><datafield tag="450" ind1=" " ind2=" "><subfield code="a">Taiāpure</subfield></datafield><datafield tag="450" ind1=" " ind2=" "><subfield code="a">Fishing areas (Commercial)</subfield></datafield><datafield tag="450" ind1=" " ind2=" "><subfield code="a">Fishing grounds (Commercial)</subfield></datafield><datafield tag="450" ind1=" " ind2=" "><subfield code="a">Fishing reserves (Commercial)</subfield></datafield><datafield tag="450" ind1=" " ind2=" "><subfield code="a">Traditional fishing reserves</subfield></datafield><datafield tag="550" ind1=" " ind2=" "><subfield code="a">Mahinga ika tūturu</subfield></datafield><datafield tag="550" ind1=" " ind2=" "><subfield code="a">Mātaitai</subfield></datafield><datafield tag="550" ind1=" " ind2=" "><subfield code="a">Rangatiratanga</subfield></datafield><datafield tag="550" ind1=" " ind2=" "><subfield code="a">Tiriti o Waitangi</subfield></datafield><datafield tag="550" ind1=" " ind2=" "><subfield code="w">g</subfield><subfield code="a">Ahumahi (Hī ika)</subfield></datafield><datafield tag="550" ind1=" " ind2=" "><subfield code="w">g</subfield><subfield code="a">Taunga ika</subfield></datafield><datafield tag="680" ind1=" " ind2=" "><subfield code="i">Scope Note: Estuarine or littoral coastal waters, as defined in Part IX of the Fisheries Act 1992, of special customary significance to iwi and hapū either as a source of food or for spiritual or cultural reasons, in recognition of rangatiratanga and fisheries rights secured by Article II of the Treaty of Waitangi. Managed by a committee made up of Tāngata Whenua, recreational and commercial representatives who make recommendations to the Minister of Fisheries for any restrictions. Use for works about iwi and hapū fishing activity in Taiapure areas. See also: Mātaitai (Fishing areas (Non-commercial)).</subfield></datafield></record>