<record><leader>00000nz  a2200000n  4500</leader><controlfield tag="001">4067</controlfield><controlfield tag="003">NzReo</controlfield><controlfield tag="008">120503 n anznnbab|          || ana      </controlfield><datafield tag="040" ind1=" " ind2=" "><subfield code="a">Nz</subfield><subfield code="c">Nz</subfield><subfield code="f">reo</subfield></datafield><datafield tag="150" ind1=" " ind2=" "><subfield code="a">Taihemahema</subfield></datafield><datafield tag="450" ind1=" " ind2=" "><subfield code="a">Genitals</subfield></datafield><datafield tag="450" ind1=" " ind2=" "><subfield code="a">Organs, Reproductive</subfield></datafield><datafield tag="450" ind1=" " ind2=" "><subfield code="a">Organs, Sexual</subfield></datafield><datafield tag="450" ind1=" " ind2=" "><subfield code="a">Reproductive organs</subfield></datafield><datafield tag="450" ind1=" " ind2=" "><subfield code="a">Sexual organs</subfield></datafield><datafield tag="550" ind1=" " ind2=" "><subfield code="a">Hauora taihemahema</subfield></datafield><datafield tag="550" ind1=" " ind2=" "><subfield code="a">Hōkakatanga</subfield></datafield><datafield tag="550" ind1=" " ind2=" "><subfield code="w">g</subfield><subfield code="a">Tinana</subfield></datafield><datafield tag="550" ind1=" " ind2=" "><subfield code="w">h</subfield><subfield code="a">Mārenatanga</subfield></datafield><datafield tag="550" ind1=" " ind2=" "><subfield code="w">h</subfield><subfield code="a">Onioni</subfield></datafield><datafield tag="680" ind1=" " ind2=" "><subfield code="i">Whakamārama: Ngā wāhanga ai o te tinana, tae atu ki ngā wāhanga e whakatōkia ai he uri, pērā i te tara, i te wharekano, i te ure me ngā raho.</subfield></datafield></record>