<record><leader>00000nz  a2200000n  4500</leader><controlfield tag="001">1426</controlfield><controlfield tag="003">NzReo</controlfield><controlfield tag="008">060511 n anznnbab|          || ana      </controlfield><datafield tag="040" ind1=" " ind2=" "><subfield code="a">Nz</subfield><subfield code="c">Nz</subfield><subfield code="f">reo</subfield></datafield><datafield tag="150" ind1=" " ind2=" "><subfield code="a">Tāiko</subfield></datafield><datafield tag="450" ind1=" " ind2=" "><subfield code="a">Karetai</subfield></datafield><datafield tag="450" ind1=" " ind2=" "><subfield code="a">Toanui</subfield></datafield><datafield tag="450" ind1=" " ind2=" "><subfield code="a">Black petrels</subfield></datafield><datafield tag="450" ind1=" " ind2=" "><subfield code="a">Petrels, Black</subfield></datafield><datafield tag="550" ind1=" " ind2=" "><subfield code="w">g</subfield><subfield code="a">Manu moana</subfield></datafield><datafield tag="680" ind1=" " ind2=" "><subfield code="i">Whakamārama: He manu moana, he pīrere. He ōrangi, he kōwhai ngā ngutu, he hāura pango ngā huruhuru.</subfield></datafield><datafield tag="680" ind1=" " ind2=" "><subfield code="i">Scope Note: A migratory seabird with blue and yellow bill and black/brown plumage. Procellaria parkinsoni.</subfield></datafield></record>