<record><leader>00000nz  a2200000n  4500</leader><controlfield tag="001">2909</controlfield><controlfield tag="003">NzReo</controlfield><controlfield tag="008">091106 n anznnbab|          || ana      </controlfield><datafield tag="040" ind1=" " ind2=" "><subfield code="a">Nz</subfield><subfield code="c">Nz</subfield><subfield code="f">reo</subfield></datafield><datafield tag="150" ind1=" " ind2=" "><subfield code="a">Taiohi</subfield></datafield><datafield tag="450" ind1=" " ind2=" "><subfield code="a">Rangatahi</subfield></datafield><datafield tag="450" ind1=" " ind2=" "><subfield code="a">Adolescents, 12-16</subfield></datafield><datafield tag="450" ind1=" " ind2=" "><subfield code="a">Teenagers, 12-16</subfield></datafield><datafield tag="450" ind1=" " ind2=" "><subfield code="a">Young people, 12-16</subfield></datafield><datafield tag="450" ind1=" " ind2=" "><subfield code="a">Youth, 12-16</subfield></datafield><datafield tag="550" ind1=" " ind2=" "><subfield code="a">Kura tuarua</subfield></datafield><datafield tag="550" ind1=" " ind2=" "><subfield code="a">Taitamariki</subfield></datafield><datafield tag="550" ind1=" " ind2=" "><subfield code="a">Tamariki</subfield></datafield><datafield tag="550" ind1=" " ind2=" "><subfield code="a">Whakamātau hinengaro taiohi</subfield></datafield><datafield tag="550" ind1=" " ind2=" "><subfield code="a">Wharekura</subfield></datafield><datafield tag="550" ind1=" " ind2=" "><subfield code="w">g</subfield><subfield code="a">Whānau</subfield></datafield><datafield tag="680" ind1=" " ind2=" "><subfield code="i">Whakamārama: Te reanga, tētahi hunga rānei kua wahine, kua tangata, engari kāore anō kia pakeke rawa.</subfield></datafield><datafield tag="680" ind1=" " ind2=" "><subfield code="i">Scope Note: Youth, teenagers, adolescents, 12-16. See also: Tamariki (Children, aged 5-12) and Taitamariki (Youth, teenagers, adolescents, about 16-21).</subfield></datafield></record>