<record><leader>00000nz  a2200000n  4500</leader><controlfield tag="001">2277</controlfield><controlfield tag="003">NzReo</controlfield><controlfield tag="008">060531 n anznnbab|          || ana      </controlfield><datafield tag="040" ind1=" " ind2=" "><subfield code="a">Nz</subfield><subfield code="c">Nz</subfield><subfield code="f">reo</subfield></datafield><datafield tag="150" ind1=" " ind2=" "><subfield code="a">Taitamariki</subfield></datafield><datafield tag="450" ind1=" " ind2=" "><subfield code="a">Rangatahi</subfield></datafield><datafield tag="450" ind1=" " ind2=" "><subfield code="a">Teenagers, about 16-21</subfield></datafield><datafield tag="450" ind1=" " ind2=" "><subfield code="a">Young people, about 16-21</subfield></datafield><datafield tag="450" ind1=" " ind2=" "><subfield code="a">Youth, about 16-21</subfield></datafield><datafield tag="550" ind1=" " ind2=" "><subfield code="a">Pakeke</subfield></datafield><datafield tag="550" ind1=" " ind2=" "><subfield code="a">Taiohi</subfield></datafield><datafield tag="550" ind1=" " ind2=" "><subfield code="a">Whakamātau hinengaro taitamariki</subfield></datafield><datafield tag="550" ind1=" " ind2=" "><subfield code="w">g</subfield><subfield code="a">Whānau</subfield></datafield><datafield tag="680" ind1=" " ind2=" "><subfield code="i">Whakamārama: Ko te taitamariki, ko ngā tama wāhine, ngā tama tāne kua pakeke haere.</subfield></datafield><datafield tag="680" ind1=" " ind2=" "><subfield code="i">Scope Note: Youth, teenagers, adolescents, about 16-21. See also: Taiohi (Youth, teenagers, adolescents, 12-16) and Pakeke (Adults).</subfield></datafield></record>