<record><leader>00000nz  a2200000n  4500</leader><controlfield tag="001">4847</controlfield><controlfield tag="003">NzReo</controlfield><controlfield tag="008">160531 n anznnbab|          || ana      </controlfield><datafield tag="040" ind1=" " ind2=" "><subfield code="a">Nz</subfield><subfield code="c">Nz</subfield><subfield code="f">reo</subfield></datafield><datafield tag="150" ind1=" " ind2=" "><subfield code="a">Taitōkai</subfield></datafield><datafield tag="450" ind1=" " ind2=" "><subfield code="a">Abuse, Sexual</subfield></datafield><datafield tag="450" ind1=" " ind2=" "><subfield code="a">Crimes, Sexual</subfield></datafield><datafield tag="450" ind1=" " ind2=" "><subfield code="a">Sexual abuse</subfield></datafield><datafield tag="450" ind1=" " ind2=" "><subfield code="a">Sexual crimes</subfield></datafield><datafield tag="550" ind1=" " ind2=" "><subfield code="w">g</subfield><subfield code="a">Hara</subfield></datafield><datafield tag="550" ind1=" " ind2=" "><subfield code="w">g</subfield><subfield code="a">Tūkinotanga</subfield></datafield></record>