<record><leader>00000nz  a2200000n  4500</leader><controlfield tag="001">1363</controlfield><controlfield tag="003">NzReo</controlfield><controlfield tag="008">060511 n anznnbab|          || ana      </controlfield><datafield tag="040" ind1=" " ind2=" "><subfield code="a">Nz</subfield><subfield code="c">Nz</subfield><subfield code="f">reo</subfield></datafield><datafield tag="150" ind1=" " ind2=" "><subfield code="a">Takahe</subfield></datafield><datafield tag="450" ind1=" " ind2=" "><subfield code="a">Moho</subfield></datafield><datafield tag="550" ind1=" " ind2=" "><subfield code="w">g</subfield><subfield code="a">Manu ngahere</subfield></datafield><datafield tag="680" ind1=" " ind2=" "><subfield code="i">Whakamārama: He manu nō te ngahere, kaore e rere. Kei Te Whakataka-Kārehu-a-Tamatea anake. He rite, he nui ake i te pūkeko.</subfield></datafield><datafield tag="680" ind1=" " ind2=" "><subfield code="i">Scope Note: A large heavy-bodied flightless rail resembling the pūkeko/swamp hen. In the wild it is now found only in Fiordland. The North Island subspecies is extinct. Porphyrio mantelli hochstetteri.</subfield></datafield></record>