<record><leader>00000nz  a2200000n  4500</leader><controlfield tag="001">1422</controlfield><controlfield tag="003">NzReo</controlfield><controlfield tag="008">060511 n anznnbab|          || ana      </controlfield><datafield tag="040" ind1=" " ind2=" "><subfield code="a">Nz</subfield><subfield code="c">Nz</subfield><subfield code="f">reo</subfield></datafield><datafield tag="150" ind1=" " ind2=" "><subfield code="a">Takahikare</subfield></datafield><datafield tag="450" ind1=" " ind2=" "><subfield code="a">Petrels, White-faced storm</subfield></datafield><datafield tag="450" ind1=" " ind2=" "><subfield code="a">Storm petrels, White-faced</subfield></datafield><datafield tag="450" ind1=" " ind2=" "><subfield code="a">White-faced storm petrels</subfield></datafield><datafield tag="550" ind1=" " ind2=" "><subfield code="w">g</subfield><subfield code="a">Manu moana</subfield></datafield><datafield tag="680" ind1=" " ind2=" "><subfield code="i">Whakamārama: He manu moana, he parauri te tuarā, he mā te puku. He mā anō te mata, ā, he tohu pango kei te karapoti i ana karu.</subfield></datafield><datafield tag="680" ind1=" " ind2=" "><subfield code="i">Scope Note: A seabird with the plumage dark brown above and white underparts. The face is also white, with a dark mark around the eye. Pelagodroma marina.</subfield></datafield></record>