<record><leader>00000nz  a2200000n  4500</leader><controlfield tag="001">1431</controlfield><controlfield tag="003">NzReo</controlfield><controlfield tag="008">060511 n anznnbab|          || ana      </controlfield><datafield tag="040" ind1=" " ind2=" "><subfield code="a">Nz</subfield><subfield code="c">Nz</subfield><subfield code="f">reo</subfield></datafield><datafield tag="150" ind1=" " ind2=" "><subfield code="a">Tākapu</subfield></datafield><datafield tag="450" ind1=" " ind2=" "><subfield code="a">Karake</subfield></datafield><datafield tag="450" ind1=" " ind2=" "><subfield code="a">Tākupu</subfield></datafield><datafield tag="450" ind1=" " ind2=" "><subfield code="a">Gannets</subfield></datafield><datafield tag="550" ind1=" " ind2=" "><subfield code="w">g</subfield><subfield code="a">Manu moana</subfield></datafield><datafield tag="680" ind1=" " ind2=" "><subfield code="i">Whakamārama: He momo toroa, he koikoi ngā ngutu, he ōrangi ngā karu. He mā ngā huruhuru, ko ngā pito o ngā parirau he pango, he hāurakaho te tipuaki me te porongāua.</subfield></datafield><datafield tag="680" ind1=" " ind2=" "><subfield code="i">Scope Note: A large seabird with white feathers, black-tipped wings and a sharp pointed bill. Its eyes are blue and the crown and nape are a light yellow/brown. Morus serrator.</subfield></datafield></record>