<record><leader>00000nz  a2200000n  4500</leader><controlfield tag="001">3004</controlfield><controlfield tag="003">NzReo</controlfield><controlfield tag="008">091027 n anznnbab|          || ana      </controlfield><datafield tag="040" ind1=" " ind2=" "><subfield code="a">Nz</subfield><subfield code="c">Nz</subfield><subfield code="f">reo</subfield></datafield><datafield tag="150" ind1=" " ind2=" "><subfield code="a">Takatāpui</subfield></datafield><datafield tag="450" ind1=" " ind2=" "><subfield code="a">Gays</subfield></datafield><datafield tag="450" ind1=" " ind2=" "><subfield code="a">Homosexuals</subfield></datafield><datafield tag="450" ind1=" " ind2=" "><subfield code="a">Lesbians</subfield></datafield><datafield tag="450" ind1=" " ind2=" "><subfield code="a">Transexuals</subfield></datafield><datafield tag="550" ind1=" " ind2=" "><subfield code="a">Takatāpuitanga</subfield></datafield><datafield tag="550" ind1=" " ind2=" "><subfield code="a">Tuakiri</subfield></datafield><datafield tag="550" ind1=" " ind2=" "><subfield code="w">g</subfield><subfield code="a">Tāngata whenua</subfield></datafield></record>