<record><leader>00000nz  a2200000n  4500</leader><controlfield tag="001">3891</controlfield><controlfield tag="003">NzReo</controlfield><controlfield tag="008">111215 n anznnbab|          || ana      </controlfield><datafield tag="040" ind1=" " ind2=" "><subfield code="a">Nz</subfield><subfield code="c">Nz</subfield><subfield code="f">reo</subfield></datafield><datafield tag="150" ind1=" " ind2=" "><subfield code="a">Tāke</subfield></datafield><datafield tag="450" ind1=" " ind2=" "><subfield code="a">Taake</subfield></datafield><datafield tag="450" ind1=" " ind2=" "><subfield code="a">Tāka</subfield></datafield><datafield tag="450" ind1=" " ind2=" "><subfield code="a">Taxation</subfield></datafield><datafield tag="450" ind1=" " ind2=" "><subfield code="a">Taxes</subfield></datafield><datafield tag="550" ind1=" " ind2=" "><subfield code="a">Ohaoha</subfield></datafield><datafield tag="550" ind1=" " ind2=" "><subfield code="a">Pūtea</subfield></datafield><datafield tag="550" ind1=" " ind2=" "><subfield code="w">g</subfield><subfield code="a">Ture o te Kāwanatanga</subfield></datafield></record>