<record><leader>00000nz  a2200000n  4500</leader><controlfield tag="001">2427</controlfield><controlfield tag="003">NzReo</controlfield><controlfield tag="008">060531 n anznnbab|          || ana      </controlfield><datafield tag="040" ind1=" " ind2=" "><subfield code="a">Nz</subfield><subfield code="c">Nz</subfield><subfield code="f">reo</subfield></datafield><datafield tag="150" ind1=" " ind2=" "><subfield code="a">Tāke hokohoko</subfield></datafield><datafield tag="450" ind1=" " ind2=" "><subfield code="a">Goods and Services Tax</subfield></datafield><datafield tag="450" ind1=" " ind2=" "><subfield code="a">GST</subfield></datafield><datafield tag="550" ind1=" " ind2=" "><subfield code="w">g</subfield><subfield code="a">Hokohoko</subfield></datafield><datafield tag="680" ind1=" " ind2=" "><subfield code="i">Whakamārama: Ko te tāke e tāpiri ana e te kāwanatanga ki te utu mo ngā mea hoko e te tangata.</subfield></datafield><datafield tag="680" ind1=" " ind2=" "><subfield code="i">Scope Note: The New Zealand tax for goods and services</subfield></datafield></record>