<record><leader>00000nz  a2200000n  4500</leader><controlfield tag="001">496</controlfield><controlfield tag="003">NzReo</controlfield><controlfield tag="008">050624 n anznnbab|          || ana      </controlfield><datafield tag="040" ind1=" " ind2=" "><subfield code="a">Nz</subfield><subfield code="c">Nz</subfield><subfield code="f">reo</subfield></datafield><datafield tag="150" ind1=" " ind2=" "><subfield code="a">Tākoha</subfield></datafield><datafield tag="450" ind1=" " ind2=" "><subfield code="a">Gifts, Conditional</subfield></datafield><datafield tag="550" ind1=" " ind2=" "><subfield code="a">Tuku whenua</subfield></datafield><datafield tag="550" ind1=" " ind2=" "><subfield code="w">g</subfield><subfield code="a">Koha</subfield></datafield><datafield tag="680" ind1=" " ind2=" "><subfield code="i">Whakamārama: Hei awhi tēnei momo koha i te iwi engari, ka whakahoki anō te whakaaro pēnei.</subfield></datafield><datafield tag="680" ind1=" " ind2=" "><subfield code="i">Scope Note: A conditional gift not to be mistaken for a "tuku", a gift to be looked after but not owned.</subfield></datafield></record>