<record><leader>00000nz  a2200000n  4500</leader><controlfield tag="001">4386</controlfield><controlfield tag="003">NzReo</controlfield><controlfield tag="008">140904 n anznnbab|          || ana      </controlfield><datafield tag="040" ind1=" " ind2=" "><subfield code="a">Nz</subfield><subfield code="c">Nz</subfield><subfield code="f">reo</subfield></datafield><datafield tag="150" ind1=" " ind2=" "><subfield code="a">Tākuta</subfield></datafield><datafield tag="450" ind1=" " ind2=" "><subfield code="a">Rata</subfield></datafield><datafield tag="450" ind1=" " ind2=" "><subfield code="a">Doctors, Medical</subfield></datafield><datafield tag="450" ind1=" " ind2=" "><subfield code="a">Medical doctors</subfield></datafield><datafield tag="450" ind1=" " ind2=" "><subfield code="a">Physicians</subfield></datafield><datafield tag="550" ind1=" " ind2=" "><subfield code="w">g</subfield><subfield code="a">Kaimahi (Ora)</subfield></datafield></record>