<record><leader>00000nz  a2200000n  4500</leader><controlfield tag="001">178</controlfield><controlfield tag="003">NzReo</controlfield><controlfield tag="008">060602 n anznnbab|          || ana      </controlfield><datafield tag="040" ind1=" " ind2=" "><subfield code="a">Nz</subfield><subfield code="c">Nz</subfield><subfield code="f">reo</subfield></datafield><datafield tag="150" ind1=" " ind2=" "><subfield code="a">Takutai moana</subfield></datafield><datafield tag="450" ind1=" " ind2=" "><subfield code="a">Foreshore</subfield></datafield><datafield tag="450" ind1=" " ind2=" "><subfield code="a">Seabed</subfield></datafield><datafield tag="450" ind1=" " ind2=" "><subfield code="a">Seashores</subfield></datafield><datafield tag="550" ind1=" " ind2=" "><subfield code="w">g</subfield><subfield code="a">Moana</subfield></datafield><datafield tag="550" ind1=" " ind2=" "><subfield code="w">h</subfield><subfield code="a">Ākau pōhatuhatu</subfield></datafield><datafield tag="680" ind1=" " ind2=" "><subfield code="i">Whakamārama: Ko ngā whenua kei te taha moana, ko te ākau, ko te tāhuna.</subfield></datafield><datafield tag="680" ind1=" " ind2=" "><subfield code="i">Scope Note: A general term for seashores of all types.</subfield></datafield></record>