<record><leader>00000nz  a2200000n  4500</leader><controlfield tag="001">4404</controlfield><controlfield tag="003">NzReo</controlfield><controlfield tag="008">140904 n anznnbab|          || ana      </controlfield><datafield tag="040" ind1=" " ind2=" "><subfield code="a">Nz</subfield><subfield code="c">Nz</subfield><subfield code="f">reo</subfield></datafield><datafield tag="150" ind1=" " ind2=" "><subfield code="a">Tamāhine</subfield></datafield><datafield tag="450" ind1=" " ind2=" "><subfield code="a">Hine</subfield></datafield><datafield tag="450" ind1=" " ind2=" "><subfield code="a">Kōhine</subfield></datafield><datafield tag="450" ind1=" " ind2=" "><subfield code="a">Daughters</subfield></datafield><datafield tag="550" ind1=" " ind2=" "><subfield code="a">Ira wahine</subfield></datafield><datafield tag="550" ind1=" " ind2=" "><subfield code="a">Kōtiro</subfield></datafield><datafield tag="550" ind1=" " ind2=" "><subfield code="a">Whakapapa</subfield></datafield><datafield tag="550" ind1=" " ind2=" "><subfield code="w">g</subfield><subfield code="a">Whānau</subfield></datafield></record>