<record><leader>00000nz  a2200000n  4500</leader><controlfield tag="001">2280</controlfield><controlfield tag="003">NzReo</controlfield><controlfield tag="008">060531 n anznnbab|          || ana      </controlfield><datafield tag="040" ind1=" " ind2=" "><subfield code="a">Nz</subfield><subfield code="c">Nz</subfield><subfield code="f">reo</subfield></datafield><datafield tag="150" ind1=" " ind2=" "><subfield code="a">Tamariki</subfield></datafield><datafield tag="450" ind1=" " ind2=" "><subfield code="a">Tamaiti</subfield></datafield><datafield tag="450" ind1=" " ind2=" "><subfield code="a">Children, 5-12</subfield></datafield><datafield tag="550" ind1=" " ind2=" "><subfield code="a">Kōhungahunga</subfield></datafield><datafield tag="550" ind1=" " ind2=" "><subfield code="a">Kōrero paki mā ngā tamariki</subfield></datafield><datafield tag="550" ind1=" " ind2=" "><subfield code="a">Kura kaupapa Māori</subfield></datafield><datafield tag="550" ind1=" " ind2=" "><subfield code="a">Kura tuatahi</subfield></datafield><datafield tag="550" ind1=" " ind2=" "><subfield code="a">Taiohi</subfield></datafield><datafield tag="550" ind1=" " ind2=" "><subfield code="a">Whakamātau hinengaro tamariki</subfield></datafield><datafield tag="550" ind1=" " ind2=" "><subfield code="w">g</subfield><subfield code="a">Whānau</subfield></datafield><datafield tag="680" ind1=" " ind2=" "><subfield code="i">Whakamārama: Te tamaiti e pūhou tonu ana.</subfield></datafield><datafield tag="680" ind1=" " ind2=" "><subfield code="i">Scope Note: Children, aged 5-12. See also: Kōhungahunga (Pre-schoolers, aged 3-5) and Taiohi (Youth, teenagers, aged 12-16).</subfield></datafield></record>