<record><leader>00000nz  a2200000n  4500</leader><controlfield tag="001">2907</controlfield><controlfield tag="003">NzReo</controlfield><controlfield tag="008">091106 n anznnbab|          || ana      </controlfield><datafield tag="040" ind1=" " ind2=" "><subfield code="a">Nz</subfield><subfield code="c">Nz</subfield><subfield code="f">reo</subfield></datafield><datafield tag="150" ind1=" " ind2=" "><subfield code="a">Tamariki nohinohi</subfield></datafield><datafield tag="450" ind1=" " ind2=" "><subfield code="a">Toddlers</subfield></datafield><datafield tag="550" ind1=" " ind2=" "><subfield code="a">Kōhanga reo</subfield></datafield><datafield tag="550" ind1=" " ind2=" "><subfield code="a">Kōhungahunga</subfield></datafield><datafield tag="550" ind1=" " ind2=" "><subfield code="a">Kura pūhou</subfield></datafield><datafield tag="550" ind1=" " ind2=" "><subfield code="a">Pēpē</subfield></datafield><datafield tag="550" ind1=" " ind2=" "><subfield code="w">g</subfield><subfield code="a">Whānau</subfield></datafield><datafield tag="680" ind1=" " ind2=" "><subfield code="i">Whakamārama: He tamaiti i ōna tau tuatahi ki tēnei ao e ako ana ki te hīkoi.</subfield></datafield><datafield tag="680" ind1=" " ind2=" "><subfield code="i">Scope Note: Young children, or toddlers, aged between 12 and 18 months who are at the age of learning to walk. See also: Pēpē (Babies); Kōhungahunga (Pre-schoolers).</subfield></datafield></record>