<record><leader>00000nz  a2200000n  4500</leader><controlfield tag="001">4279</controlfield><controlfield tag="003">NzReo</controlfield><controlfield tag="008">140902 n anznnbab|          || ana      </controlfield><datafield tag="040" ind1=" " ind2=" "><subfield code="a">Nz</subfield><subfield code="c">Nz</subfield><subfield code="f">reo</subfield></datafield><datafield tag="150" ind1=" " ind2=" "><subfield code="a">Tāmure</subfield></datafield><datafield tag="450" ind1=" " ind2=" "><subfield code="a">Snapper</subfield></datafield><datafield tag="550" ind1=" " ind2=" "><subfield code="a">Pātiki</subfield></datafield><datafield tag="550" ind1=" " ind2=" "><subfield code="w">g</subfield><subfield code="a">Ika waitai</subfield></datafield><datafield tag="680" ind1=" " ind2=" "><subfield code="i">Whakamārama: He ika tai e 30-50 henemita te tipu, he māwhero, he kōura, he whero rānei te tinana, he kōtingotingo kahurangi anō kei te tinana, tekau mā rua ngā tara o te urutira, he ūpoko pūhuki. Pagrus auratus.</subfield></datafield><datafield tag="680" ind1=" " ind2=" "><subfield code="i">Scope Note: A coastal fish, growing to 30-50 cm long, with a pink, gold or red body that is speckled with blue, a 12-pointed dorsal fin, and a blunt head. Pagrus auratus.</subfield></datafield></record>