<record><leader>00000nz  a2200000n  4500</leader><controlfield tag="001">3117</controlfield><controlfield tag="003">NzReo</controlfield><controlfield tag="008">100720 n anznnbab|          || ana      </controlfield><datafield tag="040" ind1=" " ind2=" "><subfield code="a">Nz</subfield><subfield code="c">Nz</subfield><subfield code="f">reo</subfield></datafield><datafield tag="150" ind1=" " ind2=" "><subfield code="a">Tāne-Rore</subfield></datafield><datafield tag="550" ind1=" " ind2=" "><subfield code="a">Haka</subfield></datafield><datafield tag="550" ind1=" " ind2=" "><subfield code="a">Hine-Raumati</subfield></datafield><datafield tag="550" ind1=" " ind2=" "><subfield code="a">Hine-Takurua</subfield></datafield><datafield tag="550" ind1=" " ind2=" "><subfield code="a">Kapa haka</subfield></datafield><datafield tag="550" ind1=" " ind2=" "><subfield code="a">Wiri</subfield></datafield><datafield tag="550" ind1=" " ind2=" "><subfield code="w">g</subfield><subfield code="a">Atua</subfield></datafield><datafield tag="680" ind1=" " ind2=" "><subfield code="i">Scope Note: The origin of the haka.</subfield></datafield></record>