<record><leader>00000nz  a2200000n  4500</leader><controlfield tag="001">1917</controlfield><controlfield tag="003">NzReo</controlfield><controlfield tag="008">060524 n anznnbab|          || ana      </controlfield><datafield tag="040" ind1=" " ind2=" "><subfield code="a">Nz</subfield><subfield code="c">Nz</subfield><subfield code="f">reo</subfield></datafield><datafield tag="150" ind1=" " ind2=" "><subfield code="a">Tānekaha</subfield></datafield><datafield tag="450" ind1=" " ind2=" "><subfield code="a">Celery pines</subfield></datafield><datafield tag="450" ind1=" " ind2=" "><subfield code="a">Pines, Celery</subfield></datafield><datafield tag="550" ind1=" " ind2=" "><subfield code="w">g</subfield><subfield code="a">Rākau whakakake</subfield></datafield><datafield tag="680" ind1=" " ind2=" "><subfield code="i">Whakamārama: He rākau rite ki te toatoa. He rite ki te huruhuru whenua ngā raurau. Ko ngā hua he itiiti, he pūhui te tupu.</subfield></datafield><datafield tag="680" ind1=" " ind2=" "><subfield code="i">Scope Note: A tree with fernlike pointed leaves. The fruit is a cluster of small cones. Phyllocladus trichomanoides.</subfield></datafield></record>