<record><leader>00000nz  a2200000n  4500</leader><controlfield tag="001">657</controlfield><controlfield tag="003">NzReo</controlfield><controlfield tag="008">050714 n anznnbab|          || ana      </controlfield><datafield tag="040" ind1=" " ind2=" "><subfield code="a">Nz</subfield><subfield code="c">Nz</subfield><subfield code="f">reo</subfield></datafield><datafield tag="150" ind1=" " ind2=" "><subfield code="a">Tānemāhuta</subfield></datafield><datafield tag="450" ind1=" " ind2=" "><subfield code="a">Tāne (Atua)</subfield></datafield><datafield tag="550" ind1=" " ind2=" "><subfield code="a">Ahumahi ngahere</subfield></datafield><datafield tag="550" ind1=" " ind2=" "><subfield code="a">Hinetītama</subfield></datafield><datafield tag="550" ind1=" " ind2=" "><subfield code="a">Karanga manu</subfield></datafield><datafield tag="550" ind1=" " ind2=" "><subfield code="a">Karanga weka</subfield></datafield><datafield tag="550" ind1=" " ind2=" "><subfield code="a">Kū</subfield></datafield><datafield tag="550" ind1=" " ind2=" "><subfield code="a">Mahere whetū</subfield></datafield><datafield tag="550" ind1=" " ind2=" "><subfield code="a">Pahū</subfield></datafield><datafield tag="550" ind1=" " ind2=" "><subfield code="a">Pūkaea</subfield></datafield><datafield tag="550" ind1=" " ind2=" "><subfield code="a">Pūpū kauri</subfield></datafield><datafield tag="550" ind1=" " ind2=" "><subfield code="a">Tāne-te-waiora</subfield></datafield><datafield tag="550" ind1=" " ind2=" "><subfield code="a">Tānetuarōria</subfield></datafield><datafield tag="550" ind1=" " ind2=" "><subfield code="a">Tānetuarōria (Taonga pūoro)</subfield></datafield><datafield tag="550" ind1=" " ind2=" "><subfield code="a">Tāwhaki</subfield></datafield><datafield tag="550" ind1=" " ind2=" "><subfield code="a">Te tini whanaunga o ngahere</subfield></datafield><datafield tag="550" ind1=" " ind2=" "><subfield code="a">Tuaroria</subfield></datafield><datafield tag="550" ind1=" " ind2=" "><subfield code="a">Whare</subfield></datafield><datafield tag="550" ind1=" " ind2=" "><subfield code="w">g</subfield><subfield code="a">Atua</subfield></datafield><datafield tag="680" ind1=" " ind2=" "><subfield code="i">Whakamārama: He tama ō Ranginui rāua ko Papatūānuku. Ko ia te atua mo te tangata, mo ngā ngāherehere, mo ngā manu, mo ngā ngāngara, mo ngā ngārara me ngā kararehe.</subfield></datafield><datafield tag="680" ind1=" " ind2=" "><subfield code="i">Scope Note: The personification of forests, their human inhabitants, plants, insects and animals.</subfield></datafield></record>