<record><leader>00000nz  a2200000n  4500</leader><controlfield tag="001">655</controlfield><controlfield tag="003">NzReo</controlfield><controlfield tag="008">050714 n anznnbab|          || ana      </controlfield><datafield tag="040" ind1=" " ind2=" "><subfield code="a">Nz</subfield><subfield code="c">Nz</subfield><subfield code="f">reo</subfield></datafield><datafield tag="150" ind1=" " ind2=" "><subfield code="a">Tānetuarōria (Taonga pūoro)</subfield></datafield><datafield tag="450" ind1=" " ind2=" "><subfield code="a">Forest music</subfield></datafield><datafield tag="450" ind1=" " ind2=" "><subfield code="a">Music, Forest</subfield></datafield><datafield tag="550" ind1=" " ind2=" "><subfield code="a">Hineraukatauri</subfield></datafield><datafield tag="550" ind1=" " ind2=" "><subfield code="a">Karanga manu</subfield></datafield><datafield tag="550" ind1=" " ind2=" "><subfield code="a">Karanga weka</subfield></datafield><datafield tag="550" ind1=" " ind2=" "><subfield code="a">Pūpū harakeke (Taonga pūoro)</subfield></datafield><datafield tag="550" ind1=" " ind2=" "><subfield code="a">Pūpū kauri</subfield></datafield><datafield tag="550" ind1=" " ind2=" "><subfield code="a">Roria</subfield></datafield><datafield tag="550" ind1=" " ind2=" "><subfield code="a">Tānemāhuta</subfield></datafield><datafield tag="550" ind1=" " ind2=" "><subfield code="a">Tānetuarōria</subfield></datafield><datafield tag="550" ind1=" " ind2=" "><subfield code="a">Tuaroria</subfield></datafield><datafield tag="550" ind1=" " ind2=" "><subfield code="w">g</subfield><subfield code="a">Taonga pūoro</subfield></datafield><datafield tag="680" ind1=" " ind2=" "><subfield code="i">Whakamārama: Ko ngā taonga whakatangitangi i ahu mai i ngā tangi o ngā ngārara, o ngā ngāngara, o ngā manu, o ngā wai, o ngā rākau me ngā hau o te taiao.</subfield></datafield><datafield tag="680" ind1=" " ind2=" "><subfield code="i">Scope Note: These are instruments which imitate voices of the environment, e.g. insects, lizards, birds, waterways, rain, trees and winds.</subfield></datafield></record>