<record><leader>00000nz  a2200000n  4500</leader><controlfield tag="001">672</controlfield><controlfield tag="003">NzReo</controlfield><controlfield tag="008">050714 n anznnbab|          || ana      </controlfield><datafield tag="040" ind1=" " ind2=" "><subfield code="a">Nz</subfield><subfield code="c">Nz</subfield><subfield code="f">reo</subfield></datafield><datafield tag="150" ind1=" " ind2=" "><subfield code="a">Tangaroa</subfield></datafield><datafield tag="550" ind1=" " ind2=" "><subfield code="a">Hī ika</subfield></datafield><datafield tag="550" ind1=" " ind2=" "><subfield code="a">Hinemoana</subfield></datafield><datafield tag="550" ind1=" " ind2=" "><subfield code="a">Kai</subfield></datafield><datafield tag="550" ind1=" " ind2=" "><subfield code="a">Kaimoana</subfield></datafield><datafield tag="550" ind1=" " ind2=" "><subfield code="a">Mahere moana</subfield></datafield><datafield tag="550" ind1=" " ind2=" "><subfield code="a">Mahinga kai o te wai</subfield></datafield><datafield tag="550" ind1=" " ind2=" "><subfield code="a">Moana</subfield></datafield><datafield tag="550" ind1=" " ind2=" "><subfield code="a">Ngā uri o Tangaroa</subfield></datafield><datafield tag="550" ind1=" " ind2=" "><subfield code="a">Pākuru</subfield></datafield><datafield tag="550" ind1=" " ind2=" "><subfield code="a">Pūmoana</subfield></datafield><datafield tag="550" ind1=" " ind2=" "><subfield code="a">Taha moana</subfield></datafield><datafield tag="550" ind1=" " ind2=" "><subfield code="a">Waipuke</subfield></datafield><datafield tag="550" ind1=" " ind2=" "><subfield code="w">g</subfield><subfield code="a">Atua</subfield></datafield><datafield tag="680" ind1=" " ind2=" "><subfield code="i">Whakamārama: Ko te atua o te moana.</subfield></datafield><datafield tag="680" ind1=" " ind2=" "><subfield code="i">Scope Note: The god of the sea and all things living in it.</subfield></datafield></record>