<record><leader>00000nz  a2200000n  4500</leader><controlfield tag="001">1103</controlfield><controlfield tag="003">NzReo</controlfield><controlfield tag="008">050831 n anznnbab|          || ana      </controlfield><datafield tag="040" ind1=" " ind2=" "><subfield code="a">Nz</subfield><subfield code="c">Nz</subfield><subfield code="f">reo</subfield></datafield><datafield tag="150" ind1=" " ind2=" "><subfield code="a">Tāngata</subfield></datafield><datafield tag="450" ind1=" " ind2=" "><subfield code="a">Tangata</subfield></datafield><datafield tag="450" ind1=" " ind2=" "><subfield code="a">People</subfield></datafield><datafield tag="450" ind1=" " ind2=" "><subfield code="a">Person</subfield></datafield><datafield tag="550" ind1=" " ind2=" "><subfield code="a">Hara</subfield></datafield><datafield tag="550" ind1=" " ind2=" "><subfield code="a">Hunga mahi toi</subfield></datafield><datafield tag="550" ind1=" " ind2=" "><subfield code="a">Ingoa</subfield></datafield><datafield tag="550" ind1=" " ind2=" "><subfield code="a">Ira tangata</subfield></datafield><datafield tag="550" ind1=" " ind2=" "><subfield code="a">Kōrero taumata</subfield></datafield><datafield tag="550" ind1=" " ind2=" "><subfield code="a">Mana tāne</subfield></datafield><datafield tag="550" ind1=" " ind2=" "><subfield code="a">Manaaki tangata</subfield></datafield><datafield tag="550" ind1=" " ind2=" "><subfield code="a">Mārenatanga</subfield></datafield><datafield tag="550" ind1=" " ind2=" "><subfield code="a">Matenga</subfield></datafield><datafield tag="550" ind1=" " ind2=" "><subfield code="a">Ōhākī</subfield></datafield><datafield tag="550" ind1=" " ind2=" "><subfield code="a">Tiakitanga</subfield></datafield><datafield tag="550" ind1=" " ind2=" "><subfield code="a">Toi moko</subfield></datafield><datafield tag="550" ind1=" " ind2=" "><subfield code="a">Tuakiri</subfield></datafield><datafield tag="550" ind1=" " ind2=" "><subfield code="a">Utu</subfield></datafield><datafield tag="550" ind1=" " ind2=" "><subfield code="a">Whakahāwea iwi</subfield></datafield><datafield tag="550" ind1=" " ind2=" "><subfield code="a">Whakangā</subfield></datafield><datafield tag="550" ind1=" " ind2=" "><subfield code="a">Whakapapa</subfield></datafield><datafield tag="550" ind1=" " ind2=" "><subfield code="a">Whakatau mauri</subfield></datafield><datafield tag="550" ind1=" " ind2=" "><subfield code="a">Whanaungatanga</subfield></datafield><datafield tag="550" ind1=" " ind2=" "><subfield code="w">h</subfield><subfield code="a">Āhuatanga pāpori</subfield></datafield><datafield tag="550" ind1=" " ind2=" "><subfield code="w">h</subfield><subfield code="a">Haerenga</subfield></datafield><datafield tag="550" ind1=" " ind2=" "><subfield code="w">h</subfield><subfield code="a">Hapori</subfield></datafield><datafield tag="550" ind1=" " ind2=" "><subfield code="w">h</subfield><subfield code="a">Hautipua kaitā</subfield></datafield><datafield tag="550" ind1=" " ind2=" "><subfield code="w">h</subfield><subfield code="a">Hekenga</subfield></datafield><datafield tag="550" ind1=" " ind2=" "><subfield code="w">h</subfield><subfield code="a">Herehere</subfield></datafield><datafield tag="550" ind1=" " ind2=" "><subfield code="w">h</subfield><subfield code="a">Hōkakatanga</subfield></datafield><datafield tag="550" ind1=" " ind2=" "><subfield code="w">h</subfield><subfield code="a">Ira</subfield></datafield><datafield tag="550" ind1=" " ind2=" "><subfield code="w">h</subfield><subfield code="a">Kaitangata</subfield></datafield><datafield tag="550" ind1=" " ind2=" "><subfield code="w">h</subfield><subfield code="a">Kaiwhakangahau</subfield></datafield><datafield tag="550" ind1=" " ind2=" "><subfield code="w">h</subfield><subfield code="a">Kōtiro</subfield></datafield><datafield tag="550" ind1=" " ind2=" "><subfield code="w">h</subfield><subfield code="a">Manuhiri</subfield></datafield><datafield tag="550" ind1=" " ind2=" "><subfield code="w">h</subfield><subfield code="a">Mātauranga tikanga tāngata</subfield></datafield><datafield tag="550" ind1=" " ind2=" "><subfield code="w">h</subfield><subfield code="a">Mōkai (Tikanga)</subfield></datafield><datafield tag="550" ind1=" " ind2=" "><subfield code="w">h</subfield><subfield code="a">Pūkōrero</subfield></datafield><datafield tag="550" ind1=" " ind2=" "><subfield code="w">h</subfield><subfield code="a">Tāngata o Te Moana-nui-a-Kiwa</subfield></datafield><datafield tag="550" ind1=" " ind2=" "><subfield code="w">h</subfield><subfield code="a">Tauiwi</subfield></datafield><datafield tag="550" ind1=" " ind2=" "><subfield code="w">h</subfield><subfield code="a">Taupori</subfield></datafield><datafield tag="550" ind1=" " ind2=" "><subfield code="w">h</subfield><subfield code="a">Tinana</subfield></datafield><datafield tag="550" ind1=" " ind2=" "><subfield code="w">h</subfield><subfield code="a">Toa</subfield></datafield><datafield tag="550" ind1=" " ind2=" "><subfield code="w">h</subfield><subfield code="a">Whānau</subfield></datafield><datafield tag="680" ind1=" " ind2=" "><subfield code="i">Whakamārama: Ko te tangata - he tangata takitahi. Tāpiria tēnei ūpoko ki ngā rekoata e pā ana ki ngā momo tuakiri o te iwi whānui, puta noa i Aotearoa. Tirohia anō hoki te rārangi e whai ake nei.</subfield></datafield><datafield tag="680" ind1=" " ind2=" "><subfield code="i">Scope Note: Persons or people of Aotearoa. Use this term as a broad category for the different social identities within Aotearoa. Use a narrower term instead where appropriate.</subfield></datafield></record>