<record><leader>00000nz  a2200000n  4500</leader><controlfield tag="001">3857</controlfield><controlfield tag="003">NzReo</controlfield><controlfield tag="008">111215 n anznnbab|          || ana      </controlfield><datafield tag="040" ind1=" " ind2=" "><subfield code="a">Nz</subfield><subfield code="c">Nz</subfield><subfield code="f">reo</subfield></datafield><datafield tag="150" ind1=" " ind2=" "><subfield code="a">Tāngata o Te Moana-nui-a-Kiwa</subfield></datafield><datafield tag="450" ind1=" " ind2=" "><subfield code="a">Iwi o Te Moana-nui-a-Kiwa</subfield></datafield><datafield tag="450" ind1=" " ind2=" "><subfield code="a">Te Moana-nui-a-Kiwa</subfield></datafield><datafield tag="450" ind1=" " ind2=" "><subfield code="a">Pacific Island culture</subfield></datafield><datafield tag="450" ind1=" " ind2=" "><subfield code="a">Pacific nations</subfield></datafield><datafield tag="450" ind1=" " ind2=" "><subfield code="a">Pacific peoples</subfield></datafield><datafield tag="450" ind1=" " ind2=" "><subfield code="a">Pasifika</subfield></datafield><datafield tag="550" ind1=" " ind2=" "><subfield code="w">g</subfield><subfield code="a">Iwi</subfield></datafield><datafield tag="550" ind1=" " ind2=" "><subfield code="w">g</subfield><subfield code="a">Tāngata</subfield></datafield><datafield tag="680" ind1=" " ind2=" "><subfield code="i">Whakamārama: Ko ngā pūrākau, ngā kōrero tuku iho, ngā kōrero tūturu hoki e pā ana ki ngā mana, ki ngā reo nō ngā moutere o Te Moana-nui-a-Kiwa.</subfield></datafield><datafield tag="680" ind1=" " ind2=" "><subfield code="i">Scope Note: Pacific Island nations and culture.</subfield></datafield></record>