<record><leader>00000nz  a2200000n  4500</leader><controlfield tag="001">456</controlfield><controlfield tag="003">NzReo</controlfield><controlfield tag="008">050624 n anznnbab|          || ana      </controlfield><datafield tag="040" ind1=" " ind2=" "><subfield code="a">Nz</subfield><subfield code="c">Nz</subfield><subfield code="f">reo</subfield></datafield><datafield tag="150" ind1=" " ind2=" "><subfield code="a">Tāngata whenua</subfield></datafield><datafield tag="450" ind1=" " ind2=" "><subfield code="a">Indigenous people (Aotearoa)</subfield></datafield><datafield tag="450" ind1=" " ind2=" "><subfield code="a">Māori people</subfield></datafield><datafield tag="450" ind1=" " ind2=" "><subfield code="a">People, Māori</subfield></datafield><datafield tag="550" ind1=" " ind2=" "><subfield code="a">Hapū</subfield></datafield><datafield tag="550" ind1=" " ind2=" "><subfield code="a">Iwi</subfield></datafield><datafield tag="550" ind1=" " ind2=" "><subfield code="a">Iwi taketake</subfield></datafield><datafield tag="550" ind1=" " ind2=" "><subfield code="a">Waka (Whakapapa)</subfield></datafield><datafield tag="550" ind1=" " ind2=" "><subfield code="a">Whānau</subfield></datafield><datafield tag="550" ind1=" " ind2=" "><subfield code="a">Whenua</subfield></datafield><datafield tag="550" ind1=" " ind2=" "><subfield code="w">h</subfield><subfield code="a">Ariki</subfield></datafield><datafield tag="550" ind1=" " ind2=" "><subfield code="w">h</subfield><subfield code="a">Mana whenua</subfield></datafield><datafield tag="550" ind1=" " ind2=" "><subfield code="w">h</subfield><subfield code="a">Pā</subfield></datafield><datafield tag="550" ind1=" " ind2=" "><subfield code="w">h</subfield><subfield code="a">Rangatira</subfield></datafield><datafield tag="550" ind1=" " ind2=" "><subfield code="w">h</subfield><subfield code="a">Takatāpui</subfield></datafield><datafield tag="550" ind1=" " ind2=" "><subfield code="w">h</subfield><subfield code="a">Tāne</subfield></datafield><datafield tag="550" ind1=" " ind2=" "><subfield code="w">h</subfield><subfield code="a">Tapairu</subfield></datafield><datafield tag="550" ind1=" " ind2=" "><subfield code="w">h</subfield><subfield code="a">Tohunga</subfield></datafield><datafield tag="550" ind1=" " ind2=" "><subfield code="w">h</subfield><subfield code="a">Tūpuna</subfield></datafield><datafield tag="550" ind1=" " ind2=" "><subfield code="w">h</subfield><subfield code="a">Wāhine</subfield></datafield><datafield tag="680" ind1=" " ind2=" "><subfield code="i">Whakamārama: Ko te iwi taketake o Aotearoa, ko te Māori, nō rātou te whenua.</subfield></datafield><datafield tag="680" ind1=" " ind2=" "><subfield code="i">Scope Note: Describes the Māori people, who are the indigenous people of New Zealand, as a collective. See also Iwi taketake (Indigenous peoples and cultures).</subfield></datafield></record>