<record><leader>00000nz  a2200000n  4500</leader><controlfield tag="001">406</controlfield><controlfield tag="003">NzReo</controlfield><controlfield tag="008">050506 n anznnbab|          || ana      </controlfield><datafield tag="040" ind1=" " ind2=" "><subfield code="a">Nz</subfield><subfield code="c">Nz</subfield><subfield code="f">reo</subfield></datafield><datafield tag="150" ind1=" " ind2=" "><subfield code="a">Tangihanga</subfield></datafield><datafield tag="450" ind1=" " ind2=" "><subfield code="a">Tangi</subfield></datafield><datafield tag="450" ind1=" " ind2=" "><subfield code="a">Ceremonies, Mourning</subfield></datafield><datafield tag="450" ind1=" " ind2=" "><subfield code="a">Mourning ceremonies</subfield></datafield><datafield tag="550" ind1=" " ind2=" "><subfield code="a">Matenga</subfield></datafield><datafield tag="550" ind1=" " ind2=" "><subfield code="a">Mōteatea</subfield></datafield><datafield tag="550" ind1=" " ind2=" "><subfield code="a">Pānuitanga mate</subfield></datafield><datafield tag="550" ind1=" " ind2=" "><subfield code="a">Urupā</subfield></datafield><datafield tag="550" ind1=" " ind2=" "><subfield code="a">Wāhi tapu</subfield></datafield><datafield tag="550" ind1=" " ind2=" "><subfield code="a">Waka tūpāpaku</subfield></datafield><datafield tag="550" ind1=" " ind2=" "><subfield code="w">g</subfield><subfield code="a">Tikanga</subfield></datafield><datafield tag="550" ind1=" " ind2=" "><subfield code="w">h</subfield><subfield code="a">Atamira</subfield></datafield><datafield tag="550" ind1=" " ind2=" "><subfield code="w">h</subfield><subfield code="a">Ki te kawa tūpāpaku</subfield></datafield><datafield tag="550" ind1=" " ind2=" "><subfield code="w">h</subfield><subfield code="a">Kōiwi tangata</subfield></datafield><datafield tag="550" ind1=" " ind2=" "><subfield code="w">h</subfield><subfield code="a">Whakatakoto tūpāpaku</subfield></datafield><datafield tag="550" ind1=" " ind2=" "><subfield code="w">h</subfield><subfield code="a">Whānau pani</subfield></datafield><datafield tag="680" ind1=" " ind2=" "><subfield code="i">Whakamārama: Ko ngā ritenga e pā ana ki te tūpapaku ā, tae noa ki te nehunga.</subfield></datafield><datafield tag="680" ind1=" " ind2=" "><subfield code="i">Scope Note: The mourning ceremonies and rituals preceding and including a funeral.</subfield></datafield></record>