<record><leader>00000nz  a2200000n  4500</leader><controlfield tag="001">536</controlfield><controlfield tag="003">NzReo</controlfield><controlfield tag="008">050629 n anznnbab|          || ana      </controlfield><datafield tag="040" ind1=" " ind2=" "><subfield code="a">Nz</subfield><subfield code="c">Nz</subfield><subfield code="f">reo</subfield></datafield><datafield tag="150" ind1=" " ind2=" "><subfield code="a">Tāniko</subfield></datafield><datafield tag="450" ind1=" " ind2=" "><subfield code="a">Tātua tāniko</subfield></datafield><datafield tag="450" ind1=" " ind2=" "><subfield code="a">Tauri tāniko</subfield></datafield><datafield tag="550" ind1=" " ind2=" "><subfield code="a">Kaitaka</subfield></datafield><datafield tag="550" ind1=" " ind2=" "><subfield code="a">Kaitaka paepaeroa</subfield></datafield><datafield tag="550" ind1=" " ind2=" "><subfield code="w">g</subfield><subfield code="a">Whatu</subfield></datafield><datafield tag="680" ind1=" " ind2=" "><subfield code="i">Whakamārama: Koia nei ngā whakairo o ngā mahi whatu.</subfield></datafield><datafield tag="680" ind1=" " ind2=" "><subfield code="i">Scope Note: A form of finger weaving creating geometric patterns used to decorate garments such as cloaks, belts and anklets.</subfield></datafield></record>