<record><leader>00000nz  a2200000n  4500</leader><controlfield tag="001">2145</controlfield><controlfield tag="003">NzReo</controlfield><controlfield tag="008">060529 n anznnbab|          || ana      </controlfield><datafield tag="040" ind1=" " ind2=" "><subfield code="a">Nz</subfield><subfield code="c">Nz</subfield><subfield code="f">reo</subfield></datafield><datafield tag="150" ind1=" " ind2=" "><subfield code="a">Taniwha</subfield></datafield><datafield tag="450" ind1=" " ind2=" "><subfield code="a">Kaitiaki</subfield></datafield><datafield tag="450" ind1=" " ind2=" "><subfield code="a">Guardians, Spiritual</subfield></datafield><datafield tag="450" ind1=" " ind2=" "><subfield code="a">Spiritual guardians</subfield></datafield><datafield tag="550" ind1=" " ind2=" "><subfield code="a">Ika moana</subfield></datafield><datafield tag="550" ind1=" " ind2=" "><subfield code="a">Kaitiakitanga</subfield></datafield><datafield tag="550" ind1=" " ind2=" "><subfield code="a">Mana o te wai</subfield></datafield><datafield tag="550" ind1=" " ind2=" "><subfield code="a">Ngārara</subfield></datafield><datafield tag="550" ind1=" " ind2=" "><subfield code="a">Wai</subfield></datafield><datafield tag="550" ind1=" " ind2=" "><subfield code="w">g</subfield><subfield code="a">Ao wairua</subfield></datafield><datafield tag="550" ind1=" " ind2=" "><subfield code="w">g</subfield><subfield code="a">Wairua</subfield></datafield><datafield tag="680" ind1=" " ind2=" "><subfield code="i">Whakamārama: He hanga weriweri, he hanga whakamataku, he kai tangata, he wā anō e noho kaitiaki ai, he wai hōhonu tōna kāinga.</subfield></datafield><datafield tag="680" ind1=" " ind2=" "><subfield code="i">Scope Note: Water spirits, creatures, chiefs, something or someone awesome who take many forms from logs to reptiles and whales and often live in lakes, rivers or the sea. They are often regarded as guardians by the people who live in their territory.</subfield></datafield></record>