<record><leader>00000nz  a2200000n  4500</leader><controlfield tag="001">3481</controlfield><controlfield tag="003">NzReo</controlfield><controlfield tag="008">101221 n anznnbab|          || ana      </controlfield><datafield tag="040" ind1=" " ind2=" "><subfield code="a">Nz</subfield><subfield code="c">Nz</subfield><subfield code="f">reo</subfield></datafield><datafield tag="150" ind1=" " ind2=" "><subfield code="a">Taonga whakatangitangi</subfield></datafield><datafield tag="450" ind1=" " ind2=" "><subfield code="a">Pūoru whakatangitangi</subfield></datafield><datafield tag="450" ind1=" " ind2=" "><subfield code="a">Instruments, Modern musical</subfield></datafield><datafield tag="450" ind1=" " ind2=" "><subfield code="a">Musical instruments (Modern)</subfield></datafield><datafield tag="550" ind1=" " ind2=" "><subfield code="a">Pūoro ā rorohiko</subfield></datafield><datafield tag="550" ind1=" " ind2=" "><subfield code="a">Pūoro reo</subfield></datafield><datafield tag="550" ind1=" " ind2=" "><subfield code="a">Taonga pūoro</subfield></datafield><datafield tag="550" ind1=" " ind2=" "><subfield code="w">g</subfield><subfield code="a">Waka toi</subfield></datafield><datafield tag="680" ind1=" " ind2=" "><subfield code="i">Whakamārama: Mā ngā rauemi e pā ana ki ngā taonga whakatangitangi.</subfield></datafield><datafield tag="680" ind1=" " ind2=" "><subfield code="i">Scope Note: Contemporary musical instruments.</subfield></datafield></record>