<record><leader>00000nz  a2200000n  4500</leader><controlfield tag="001">1176</controlfield><controlfield tag="003">NzReo</controlfield><controlfield tag="008">060331 n anznnbab|          || ana      </controlfield><datafield tag="040" ind1=" " ind2=" "><subfield code="a">Nz</subfield><subfield code="c">Nz</subfield><subfield code="f">reo</subfield></datafield><datafield tag="150" ind1=" " ind2=" "><subfield code="a">Taotahi</subfield></datafield><datafield tag="450" ind1=" " ind2=" "><subfield code="a">Single pointed spears</subfield></datafield><datafield tag="450" ind1=" " ind2=" "><subfield code="a">Spears, Single pointed</subfield></datafield><datafield tag="550" ind1=" " ind2=" "><subfield code="w">g</subfield><subfield code="a">Taputapu hī ika</subfield></datafield><datafield tag="680" ind1=" " ind2=" "><subfield code="i">Whakamārama: He tao tēnei ki te hopu ika.</subfield></datafield><datafield tag="680" ind1=" " ind2=" "><subfield code="i">Scope Note: A single pointed spear used for catching fish in shallow waters.</subfield></datafield></record>