<record><leader>00000nz  a2200000n  4500</leader><controlfield tag="001">1764</controlfield><controlfield tag="003">NzReo</controlfield><controlfield tag="008">060524 n anznnbab|          || ana      </controlfield><datafield tag="040" ind1=" " ind2=" "><subfield code="a">Nz</subfield><subfield code="c">Nz</subfield><subfield code="f">reo</subfield></datafield><datafield tag="150" ind1=" " ind2=" "><subfield code="a">Tāpia</subfield></datafield><datafield tag="450" ind1=" " ind2=" "><subfield code="a">Mistletoes</subfield></datafield><datafield tag="550" ind1=" " ind2=" "><subfield code="w">g</subfield><subfield code="a">Otaota hāwere</subfield></datafield><datafield tag="680" ind1=" " ind2=" "><subfield code="i">Whakamārama: He momo otaota pirinoa, he ririki. He kāriki ngā pua, he hāpiapia, he māwhero ngā hua.</subfield></datafield><datafield tag="680" ind1=" " ind2=" "><subfield code="i">Scope Note: A mistletoe with sticky pink fruits and small green flowers. Tupeia antarctica.</subfield></datafield></record>