<record><leader>00000nz  a2200000n  4500</leader><controlfield tag="001">83</controlfield><controlfield tag="003">NzReo</controlfield><controlfield tag="008">060526 n anznnbab|          || ana      </controlfield><datafield tag="040" ind1=" " ind2=" "><subfield code="a">Nz</subfield><subfield code="c">Nz</subfield><subfield code="f">reo</subfield></datafield><datafield tag="150" ind1=" " ind2=" "><subfield code="a">Tapu</subfield></datafield><datafield tag="550" ind1=" " ind2=" "><subfield code="a">Atua</subfield></datafield><datafield tag="550" ind1=" " ind2=" "><subfield code="a">Kaitangata</subfield></datafield><datafield tag="550" ind1=" " ind2=" "><subfield code="a">Karakia</subfield></datafield><datafield tag="550" ind1=" " ind2=" "><subfield code="a">Makawe</subfield></datafield><datafield tag="550" ind1=" " ind2=" "><subfield code="a">Mana</subfield></datafield><datafield tag="550" ind1=" " ind2=" "><subfield code="a">Mana atua</subfield></datafield><datafield tag="550" ind1=" " ind2=" "><subfield code="a">Mana tūpuna</subfield></datafield><datafield tag="550" ind1=" " ind2=" "><subfield code="a">Noa</subfield></datafield><datafield tag="550" ind1=" " ind2=" "><subfield code="a">Tapairu</subfield></datafield><datafield tag="550" ind1=" " ind2=" "><subfield code="a">Te Awa Atua</subfield></datafield><datafield tag="550" ind1=" " ind2=" "><subfield code="a">Tohunga</subfield></datafield><datafield tag="550" ind1=" " ind2=" "><subfield code="a">Wāhi tapu</subfield></datafield><datafield tag="550" ind1=" " ind2=" "><subfield code="a">Wai tapu</subfield></datafield><datafield tag="550" ind1=" " ind2=" "><subfield code="w">g</subfield><subfield code="a">Tikanga tuku iho</subfield></datafield><datafield tag="680" ind1=" " ind2=" "><subfield code="i">Whakamārama: He ritenga whakawehe i te tangata, i te taonga i tētahi āhua rānei, kia kaua e whāwhāria, e takahia, ā, kia tūpato te haere.</subfield></datafield><datafield tag="680" ind1=" " ind2=" "><subfield code="i">Scope Note: A status of separateness conferred by ritual to set things apart from ordinary matters (noa). When under tapu things were forbidden or treated differently from things noa.</subfield></datafield></record>