<record><leader>00000nz  a2200000n  4500</leader><controlfield tag="001">4096</controlfield><controlfield tag="003">NzReo</controlfield><controlfield tag="008">130110 n anznnbab|          || ana      </controlfield><datafield tag="040" ind1=" " ind2=" "><subfield code="a">Nz</subfield><subfield code="c">Nz</subfield><subfield code="f">reo</subfield></datafield><datafield tag="150" ind1=" " ind2=" "><subfield code="a">Taputapu</subfield></datafield><datafield tag="450" ind1=" " ind2=" "><subfield code="a">Equipment</subfield></datafield><datafield tag="450" ind1=" " ind2=" "><subfield code="a">Gadgets</subfield></datafield><datafield tag="450" ind1=" " ind2=" "><subfield code="a">Goods</subfield></datafield><datafield tag="450" ind1=" " ind2=" "><subfield code="a">Tools</subfield></datafield><datafield tag="450" ind1=" " ind2=" "><subfield code="a">Utensils</subfield></datafield><datafield tag="550" ind1=" " ind2=" "><subfield code="a">Mea tākaro</subfield></datafield><datafield tag="550" ind1=" " ind2=" "><subfield code="w">g</subfield><subfield code="a">Hangarau</subfield></datafield><datafield tag="550" ind1=" " ind2=" "><subfield code="w">g</subfield><subfield code="a">Rauemi</subfield></datafield><datafield tag="550" ind1=" " ind2=" "><subfield code="w">h</subfield><subfield code="a">Aratohu mā te pouako</subfield></datafield><datafield tag="550" ind1=" " ind2=" "><subfield code="w">h</subfield><subfield code="a">Kōpae hikohiko</subfield></datafield><datafield tag="550" ind1=" " ind2=" "><subfield code="w">h</subfield><subfield code="a">Taputapu ahu whenua</subfield></datafield><datafield tag="550" ind1=" " ind2=" "><subfield code="w">h</subfield><subfield code="a">Taputapu hī ika</subfield></datafield><datafield tag="680" ind1=" " ind2=" "><subfield code="i">Whakamārama: He hanga, he mihini, he aha atu rānei e rite ana mō tētahi mahi.</subfield></datafield><datafield tag="680" ind1=" " ind2=" "><subfield code="i">Scope Note: Gear, equipment, goods, property, apparatus, utensils, hardware, gadgets.</subfield></datafield></record>