<record><leader>00000nz  a2200000n  4500</leader><controlfield tag="001">3392</controlfield><controlfield tag="003">NzReo</controlfield><controlfield tag="008">101221 n anznnbab|          || ana      </controlfield><datafield tag="040" ind1=" " ind2=" "><subfield code="a">Nz</subfield><subfield code="c">Nz</subfield><subfield code="f">reo</subfield></datafield><datafield tag="150" ind1=" " ind2=" "><subfield code="a">Taputapu hī ika</subfield></datafield><datafield tag="450" ind1=" " ind2=" "><subfield code="a">Equipment, Fishing</subfield></datafield><datafield tag="450" ind1=" " ind2=" "><subfield code="a">Fishing equipment</subfield></datafield><datafield tag="450" ind1=" " ind2=" "><subfield code="a">Fishing implements</subfield></datafield><datafield tag="450" ind1=" " ind2=" "><subfield code="a">Fishing tools</subfield></datafield><datafield tag="450" ind1=" " ind2=" "><subfield code="a">Implements, Fishing</subfield></datafield><datafield tag="450" ind1=" " ind2=" "><subfield code="a">Tools, Fishing</subfield></datafield><datafield tag="550" ind1=" " ind2=" "><subfield code="a">Hī hākinakina</subfield></datafield><datafield tag="550" ind1=" " ind2=" "><subfield code="a">Hīnaki</subfield></datafield><datafield tag="550" ind1=" " ind2=" "><subfield code="a">Tāruke</subfield></datafield><datafield tag="550" ind1=" " ind2=" "><subfield code="w">g</subfield><subfield code="a">Hī ika</subfield></datafield><datafield tag="550" ind1=" " ind2=" "><subfield code="w">g</subfield><subfield code="a">Taputapu</subfield></datafield><datafield tag="550" ind1=" " ind2=" "><subfield code="w">h</subfield><subfield code="a">Aho</subfield></datafield><datafield tag="550" ind1=" " ind2=" "><subfield code="w">h</subfield><subfield code="a">Kupenga</subfield></datafield><datafield tag="550" ind1=" " ind2=" "><subfield code="w">h</subfield><subfield code="a">Maehe</subfield></datafield><datafield tag="550" ind1=" " ind2=" "><subfield code="w">h</subfield><subfield code="a">Matau</subfield></datafield><datafield tag="550" ind1=" " ind2=" "><subfield code="w">h</subfield><subfield code="a">Matira</subfield></datafield><datafield tag="550" ind1=" " ind2=" "><subfield code="w">h</subfield><subfield code="a">Mounu</subfield></datafield><datafield tag="550" ind1=" " ind2=" "><subfield code="w">h</subfield><subfield code="a">Pā (Hī ika)</subfield></datafield><datafield tag="550" ind1=" " ind2=" "><subfield code="w">h</subfield><subfield code="a">Pīhuka</subfield></datafield><datafield tag="550" ind1=" " ind2=" "><subfield code="w">h</subfield><subfield code="a">Taotahi</subfield></datafield><datafield tag="680" ind1=" " ind2=" "><subfield code="i">Whakamārama: Ko ngā rawa, ko ngā taonga hoki ka whakamahia ai te kohi kaimoana, te hī ika rānei.</subfield></datafield><datafield tag="680" ind1=" " ind2=" "><subfield code="i">Scope Note: All fishing tools, equipment and implements.</subfield></datafield></record>