<record><leader>00000nz  a2200000n  4500</leader><controlfield tag="001">1501</controlfield><controlfield tag="003">NzReo</controlfield><controlfield tag="008">060511 n anznnbab|          || ana      </controlfield><datafield tag="040" ind1=" " ind2=" "><subfield code="a">Nz</subfield><subfield code="c">Nz</subfield><subfield code="f">reo</subfield></datafield><datafield tag="150" ind1=" " ind2=" "><subfield code="a">Tara</subfield></datafield><datafield tag="450" ind1=" " ind2=" "><subfield code="a">Terns, White-fronted</subfield></datafield><datafield tag="450" ind1=" " ind2=" "><subfield code="a">White-fronted terns</subfield></datafield><datafield tag="550" ind1=" " ind2=" "><subfield code="a">Tarāpunga</subfield></datafield><datafield tag="550" ind1=" " ind2=" "><subfield code="w">g</subfield><subfield code="a">Manu ki tātahi</subfield></datafield><datafield tag="680" ind1=" " ind2=" "><subfield code="i">Whakamārama: He manu moana. He tāhei mā kei ngā ngutu. He hinatea ngā parirau, he pango ngā waewae me te tipuaki, ā, he mā te kakī, me te poho.</subfield></datafield><datafield tag="680" ind1=" " ind2=" "><subfield code="i">Scope Note: The most common tern. The wings are pale grey, the feet and cap are black and the neck and breast are white. There is a white band just above the bill. Sterna striata.</subfield></datafield></record>