<record><leader>00000nz  a2200000n  4500</leader><controlfield tag="001">801</controlfield><controlfield tag="003">NzReo</controlfield><controlfield tag="008">050825 n anznnbab|          || ana      </controlfield><datafield tag="040" ind1=" " ind2=" "><subfield code="a">Nz</subfield><subfield code="c">Nz</subfield><subfield code="f">reo</subfield></datafield><datafield tag="150" ind1=" " ind2=" "><subfield code="a">Taraire</subfield></datafield><datafield tag="550" ind1=" " ind2=" "><subfield code="w">g</subfield><subfield code="a">Hua rākau</subfield></datafield><datafield tag="550" ind1=" " ind2=" "><subfield code="w">g</subfield><subfield code="a">Rākau whakakake</subfield></datafield><datafield tag="680" ind1=" " ind2=" "><subfield code="i">Whakamārama: He rākau tūraha, torotika tonu te tīwai. He whānui, he porotaka ngā rau. He rarahi, he porouri ngā hua, he rite ki o te tawa.</subfield></datafield><datafield tag="680" ind1=" " ind2=" "><subfield code="i">Scope Note: A spreading tree with a straight trunk. It has broad rounded leaves and purple fruit like that of the tawa. Beilschmiedia tarairi.</subfield></datafield></record>