<record><leader>00000nz  a2200000n  4500</leader><controlfield tag="001">1641</controlfield><controlfield tag="003">NzReo</controlfield><controlfield tag="008">060524 n anznnbab|          || ana      </controlfield><datafield tag="040" ind1=" " ind2=" "><subfield code="a">Nz</subfield><subfield code="c">Nz</subfield><subfield code="f">reo</subfield></datafield><datafield tag="150" ind1=" " ind2=" "><subfield code="a">Tarakupenga</subfield></datafield><datafield tag="450" ind1=" " ind2=" "><subfield code="a">Sand coprosma</subfield></datafield><datafield tag="550" ind1=" " ind2=" "><subfield code="w">g</subfield><subfield code="a">Mauwha</subfield></datafield><datafield tag="680" ind1=" " ind2=" "><subfield code="i">Whakamārama: He mauwha pūioio. He whāiti ngā rau, he whīwhiwhi ngā tātā.</subfield></datafield><datafield tag="680" ind1=" " ind2=" "><subfield code="i">Scope Note: A tough shrub of sandy places with small narrow leaves and entangled stems. Coprosma acerosa.</subfield></datafield></record>