<record><leader>00000nz  a2200000n  4500</leader><controlfield tag="001">1703</controlfield><controlfield tag="003">NzReo</controlfield><controlfield tag="008">060524 n anznnbab|          || ana      </controlfield><datafield tag="040" ind1=" " ind2=" "><subfield code="a">Nz</subfield><subfield code="c">Nz</subfield><subfield code="f">reo</subfield></datafield><datafield tag="150" ind1=" " ind2=" "><subfield code="a">Taramea</subfield></datafield><datafield tag="450" ind1=" " ind2=" "><subfield code="a">Karamea</subfield></datafield><datafield tag="450" ind1=" " ind2=" "><subfield code="a">Kueo</subfield></datafield><datafield tag="450" ind1=" " ind2=" "><subfield code="a">Kurikuri</subfield></datafield><datafield tag="450" ind1=" " ind2=" "><subfield code="a">Papaio</subfield></datafield><datafield tag="450" ind1=" " ind2=" "><subfield code="a">Tumatakuru</subfield></datafield><datafield tag="450" ind1=" " ind2=" "><subfield code="a">Spaniards (Plants)</subfield></datafield><datafield tag="450" ind1=" " ind2=" "><subfield code="a">Speargrasses</subfield></datafield><datafield tag="550" ind1=" " ind2=" "><subfield code="w">g</subfield><subfield code="a">Otaota</subfield></datafield><datafield tag="680" ind1=" " ind2=" "><subfield code="i">Whakamārama: He otaota wekuweku. He taratara ngā tawhera, he takotako, he taratara anō ngā pūhui pua.</subfield></datafield><datafield tag="680" ind1=" " ind2=" "><subfield code="i">Scope Note: A tufted plant with sharp-spined compound leaves and an erect spiny flower head. Aciphylla spp.</subfield></datafield></record>