<record><leader>00000nz  a2200000n  4500</leader><controlfield tag="001">1504</controlfield><controlfield tag="003">NzReo</controlfield><controlfield tag="008">060511 n anznnbab|          || ana      </controlfield><datafield tag="040" ind1=" " ind2=" "><subfield code="a">Nz</subfield><subfield code="c">Nz</subfield><subfield code="f">reo</subfield></datafield><datafield tag="150" ind1=" " ind2=" "><subfield code="a">Tarāpunga</subfield></datafield><datafield tag="450" ind1=" " ind2=" "><subfield code="a">Makorā</subfield></datafield><datafield tag="450" ind1=" " ind2=" "><subfield code="a">Tarā punga</subfield></datafield><datafield tag="450" ind1=" " ind2=" "><subfield code="a">Gulls, Red-billed</subfield></datafield><datafield tag="450" ind1=" " ind2=" "><subfield code="a">Red-billed gulls</subfield></datafield><datafield tag="450" ind1=" " ind2=" "><subfield code="a">Seagulls</subfield></datafield><datafield tag="550" ind1=" " ind2=" "><subfield code="a">Karoro</subfield></datafield><datafield tag="550" ind1=" " ind2=" "><subfield code="a">Kūaka</subfield></datafield><datafield tag="550" ind1=" " ind2=" "><subfield code="a">Manu moana</subfield></datafield><datafield tag="550" ind1=" " ind2=" "><subfield code="a">Tara</subfield></datafield><datafield tag="550" ind1=" " ind2=" "><subfield code="w">g</subfield><subfield code="a">Manu ki tātahi</subfield></datafield><datafield tag="680" ind1=" " ind2=" "><subfield code="i">Whakamārama: He manu tai, he mā a runga, he mā a raro, he pango te toi o ngā parirau kiwikiwi, he ngutu whero, he wae huirapa whero, he karu whero. Ko ngā momo ingoa rerekē mō te tarāpunga ko te akiaki, te hakorā, te karehākoa, te katatē, te manakorā, te taketake me te tarāpua hoki.</subfield></datafield><datafield tag="680" ind1=" " ind2=" "><subfield code="i">Scope Note: The most common seagull that has a white body with grey wings, and red eyes, beak and legs. Larus novaehollandiae scopulinus. See also: Karoro (Black-backed Seagulls), Manu moana (Sea birds), Tara (White-fronted terns) and Kuaka (Eastern bar-tailed godwits).</subfield></datafield></record>