<record><leader>00000nz  a2200000n  4500</leader><controlfield tag="001">1977</controlfield><controlfield tag="003">NzReo</controlfield><controlfield tag="008">060524 n anznnbab|          || ana      </controlfield><datafield tag="040" ind1=" " ind2=" "><subfield code="a">Nz</subfield><subfield code="c">Nz</subfield><subfield code="f">reo</subfield></datafield><datafield tag="150" ind1=" " ind2=" "><subfield code="a">Tarata</subfield></datafield><datafield tag="450" ind1=" " ind2=" "><subfield code="a">Lemonwoods</subfield></datafield><datafield tag="550" ind1=" " ind2=" "><subfield code="w">g</subfield><subfield code="a">Rākau whakaruruhau</subfield></datafield><datafield tag="680" ind1=" " ind2=" "><subfield code="i">Whakamārama: He rākau rite ki te haekaro. He pūngarungaru, he kakara ngā rau, he kōwhai ngā pua. Penupenua ai ngā rau ki te pia hei whakakakara.</subfield></datafield><datafield tag="680" ind1=" " ind2=" "><subfield code="i">Scope Note: A tree with crinkly fragrant leaves and yellow flowers. The leaves and gum were used in making scents. Pittosporum eugenioides.</subfield></datafield></record>