<record><leader>00000nz  a2200000n  4500</leader><controlfield tag="001">1274</controlfield><controlfield tag="003">NzReo</controlfield><controlfield tag="008">060503 n anznnbab|          || ana      </controlfield><datafield tag="040" ind1=" " ind2=" "><subfield code="a">Nz</subfield><subfield code="c">Nz</subfield><subfield code="f">reo</subfield></datafield><datafield tag="150" ind1=" " ind2=" "><subfield code="a">Taratara-a-kai</subfield></datafield><datafield tag="450" ind1=" " ind2=" "><subfield code="a">Taratara-o-kai</subfield></datafield><datafield tag="450" ind1=" " ind2=" "><subfield code="a">Carving patterns (Zig zag notch)</subfield></datafield><datafield tag="550" ind1=" " ind2=" "><subfield code="w">g</subfield><subfield code="a">Whakairo</subfield></datafield><datafield tag="680" ind1=" " ind2=" "><subfield code="i">Whakamārama: He momo whakairo tēnei, he toro piko haere ana te āhua.</subfield></datafield><datafield tag="680" ind1=" " ind2=" "><subfield code="i">Scope Note: A knotched zig-zag set of carvings.</subfield></datafield></record>