<record><leader>00000nz  a2200000n  4500</leader><controlfield tag="001">1802</controlfield><controlfield tag="003">NzReo</controlfield><controlfield tag="008">060524 n anznnbab|          || ana      </controlfield><datafield tag="040" ind1=" " ind2=" "><subfield code="a">Nz</subfield><subfield code="c">Nz</subfield><subfield code="f">reo</subfield></datafield><datafield tag="150" ind1=" " ind2=" "><subfield code="a">Taro</subfield></datafield><datafield tag="450" ind1=" " ind2=" "><subfield code="a">Taro hōia</subfield></datafield><datafield tag="550" ind1=" " ind2=" "><subfield code="a">Hua whenua</subfield></datafield><datafield tag="550" ind1=" " ind2=" "><subfield code="a">Toetoe</subfield></datafield><datafield tag="550" ind1=" " ind2=" "><subfield code="w">g</subfield><subfield code="a">Whara</subfield></datafield><datafield tag="680" ind1=" " ind2=" "><subfield code="i">Whakamārama: He hua whenua i heria mai i Hawaiiki. He rarahi ngā rau, ko te pūtake he tino kai nā ngā iwi katoa o ngā moutere o Te Moana nui-a-Kiwa.</subfield></datafield><datafield tag="680" ind1=" " ind2=" "><subfield code="i">Scope Note: Introduced by Māori for the edible rootstock. Now an important vegetable for Polynesian communities. Colocasia esculenta.</subfield></datafield></record>