<record><leader>00000nz  a2200000n  4500</leader><controlfield tag="001">940</controlfield><controlfield tag="003">NzReo</controlfield><controlfield tag="008">050831 n anznnbab|          || ana      </controlfield><datafield tag="040" ind1=" " ind2=" "><subfield code="a">Nz</subfield><subfield code="c">Nz</subfield><subfield code="f">reo</subfield></datafield><datafield tag="150" ind1=" " ind2=" "><subfield code="a">Tātai arorangi</subfield></datafield><datafield tag="450" ind1=" " ind2=" "><subfield code="a">Mātauranga tātai arorangi</subfield></datafield><datafield tag="450" ind1=" " ind2=" "><subfield code="a">Astronomy</subfield></datafield><datafield tag="550" ind1=" " ind2=" "><subfield code="a">Mahere whetū</subfield></datafield><datafield tag="550" ind1=" " ind2=" "><subfield code="a">Whakatere waka hourua</subfield></datafield><datafield tag="550" ind1=" " ind2=" "><subfield code="w">g</subfield><subfield code="a">Whānau mārama</subfield></datafield><datafield tag="680" ind1=" " ind2=" "><subfield code="i">Whakamārama: Te āta tirohia i ngā mahi o ngā whetū.</subfield></datafield><datafield tag="680" ind1=" " ind2=" "><subfield code="i">Scope Note: Science of the heavens; the study of heavenly bodies.</subfield></datafield></record>