<record><leader>00000nz  a2200000n  4500</leader><controlfield tag="001">882</controlfield><controlfield tag="003">NzReo</controlfield><controlfield tag="008">050831 n anznnbab|          || ana      </controlfield><datafield tag="040" ind1=" " ind2=" "><subfield code="a">Nz</subfield><subfield code="c">Nz</subfield><subfield code="f">reo</subfield></datafield><datafield tag="150" ind1=" " ind2=" "><subfield code="a">Tātai whetū</subfield></datafield><datafield tag="450" ind1=" " ind2=" "><subfield code="a">Kahui whetū</subfield></datafield><datafield tag="450" ind1=" " ind2=" "><subfield code="a">Pou-tere-rangi</subfield></datafield><datafield tag="450" ind1=" " ind2=" "><subfield code="a">Constellations</subfield></datafield><datafield tag="550" ind1=" " ind2=" "><subfield code="a">Whetū</subfield></datafield><datafield tag="550" ind1=" " ind2=" "><subfield code="w">g</subfield><subfield code="a">Whānau mārama</subfield></datafield><datafield tag="550" ind1=" " ind2=" "><subfield code="w">h</subfield><subfield code="a">Kāhui o Mahutonga</subfield></datafield><datafield tag="550" ind1=" " ind2=" "><subfield code="w">h</subfield><subfield code="a">Mangōroa</subfield></datafield><datafield tag="550" ind1=" " ind2=" "><subfield code="w">h</subfield><subfield code="a">Matariki</subfield></datafield><datafield tag="550" ind1=" " ind2=" "><subfield code="w">h</subfield><subfield code="a">Taki o Autahi</subfield></datafield><datafield tag="550" ind1=" " ind2=" "><subfield code="w">h</subfield><subfield code="a">Tautoru</subfield></datafield><datafield tag="550" ind1=" " ind2=" "><subfield code="w">h</subfield><subfield code="a">Te Waka o Tama-rereti</subfield></datafield><datafield tag="680" ind1=" " ind2=" "><subfield code="i">Whakamārama: He kahui whetū, pērā i a Matariki.</subfield></datafield><datafield tag="680" ind1=" " ind2=" "><subfield code="i">Scope Note: A group of fixed stars, e.g. Matariki/Pleiades.</subfield></datafield></record>