<record><leader>00000nz  a2200000n  4500</leader><controlfield tag="001">2827</controlfield><controlfield tag="003">NzReo</controlfield><controlfield tag="008">071212 n anznnbab|          || ana      </controlfield><datafield tag="040" ind1=" " ind2=" "><subfield code="a">Nz</subfield><subfield code="c">Nz</subfield><subfield code="f">reo</subfield></datafield><datafield tag="150" ind1=" " ind2=" "><subfield code="a">Tātari whakatakotoranga reo</subfield></datafield><datafield tag="450" ind1=" " ind2=" "><subfield code="a">Discourse analysis</subfield></datafield><datafield tag="550" ind1=" " ind2=" "><subfield code="w">g</subfield><subfield code="a">Reo Māori</subfield></datafield><datafield tag="680" ind1=" " ind2=" "><subfield code="i">Whakamārama: Te tirohanga me te āta whakāmarama o te kauhau, kōrerorero, tuhinga rānei.</subfield></datafield><datafield tag="680" ind1=" " ind2=" "><subfield code="i">Scope Note: The detailed examination of a lecture, speech or written account.</subfield></datafield></record>