<record><leader>00000nz  a2200000n  4500</leader><controlfield tag="001">492</controlfield><controlfield tag="003">NzReo</controlfield><controlfield tag="008">050624 n anznnbab|          || ana      </controlfield><datafield tag="040" ind1=" " ind2=" "><subfield code="a">Nz</subfield><subfield code="c">Nz</subfield><subfield code="f">reo</subfield></datafield><datafield tag="150" ind1=" " ind2=" "><subfield code="a">Tatau pounamu</subfield></datafield><datafield tag="450" ind1=" " ind2=" "><subfield code="a">Agreements, Peace</subfield></datafield><datafield tag="450" ind1=" " ind2=" "><subfield code="a">Peace agreements</subfield></datafield><datafield tag="550" ind1=" " ind2=" "><subfield code="a">Rangimārie</subfield></datafield><datafield tag="550" ind1=" " ind2=" "><subfield code="w">g</subfield><subfield code="a">Tikanga</subfield></datafield><datafield tag="680" ind1=" " ind2=" "><subfield code="i">Whakamārama: He kirimana maungārongo me te whakawhiti taonga rānei te tikanga o te tatau pounamu.</subfield></datafield><datafield tag="680" ind1=" " ind2=" "><subfield code="i">Scope Note: Peace agreements, including the exchanging of gifts and often marriage.</subfield></datafield></record>