<record><leader>00000nz  a2200000n  4500</leader><controlfield tag="001">136</controlfield><controlfield tag="003">NzReo</controlfield><controlfield tag="008">060531 n anznnbab|          || ana      </controlfield><datafield tag="040" ind1=" " ind2=" "><subfield code="a">Nz</subfield><subfield code="c">Nz</subfield><subfield code="f">reo</subfield></datafield><datafield tag="150" ind1=" " ind2=" "><subfield code="a">Tatauranga taupori</subfield></datafield><datafield tag="450" ind1=" " ind2=" "><subfield code="a">Demography</subfield></datafield><datafield tag="550" ind1=" " ind2=" "><subfield code="a">Taupori</subfield></datafield><datafield tag="550" ind1=" " ind2=" "><subfield code="w">g</subfield><subfield code="a">Tatauranga</subfield></datafield><datafield tag="550" ind1=" " ind2=" "><subfield code="w">h</subfield><subfield code="a">Tatauranga whānui</subfield></datafield><datafield tag="680" ind1=" " ind2=" "><subfield code="i">Whakamārama: Te kaute o ngā tāngata e noho mai ana ki tēnā wāhi, ki tēnā wāhi.</subfield></datafield><datafield tag="680" ind1=" " ind2=" "><subfield code="i">Scope Note: The characteristics of people living in a certain area.</subfield></datafield></record>