<record><leader>00000nz  a2200000n  4500</leader><controlfield tag="001">2380</controlfield><controlfield tag="003">NzReo</controlfield><controlfield tag="008">060531 n anznnbab|          || ana      </controlfield><datafield tag="040" ind1=" " ind2=" "><subfield code="a">Nz</subfield><subfield code="c">Nz</subfield><subfield code="f">reo</subfield></datafield><datafield tag="150" ind1=" " ind2=" "><subfield code="a">Taua</subfield></datafield><datafield tag="450" ind1=" " ind2=" "><subfield code="a">Tauā</subfield></datafield><datafield tag="450" ind1=" " ind2=" "><subfield code="a">Taua ngaki mate</subfield></datafield><datafield tag="450" ind1=" " ind2=" "><subfield code="a">Taua toto</subfield></datafield><datafield tag="450" ind1=" " ind2=" "><subfield code="a">Armed forces</subfield></datafield><datafield tag="450" ind1=" " ind2=" "><subfield code="a">War parties</subfield></datafield><datafield tag="550" ind1=" " ind2=" "><subfield code="a">Hōia</subfield></datafield><datafield tag="550" ind1=" " ind2=" "><subfield code="w">g</subfield><subfield code="a">Pakanga</subfield></datafield><datafield tag="550" ind1=" " ind2=" "><subfield code="w">h</subfield><subfield code="a">Hauhau</subfield></datafield><datafield tag="550" ind1=" " ind2=" "><subfield code="w">h</subfield><subfield code="a">Hikutoto</subfield></datafield><datafield tag="550" ind1=" " ind2=" "><subfield code="w">h</subfield><subfield code="a">Kūpapa</subfield></datafield><datafield tag="550" ind1=" " ind2=" "><subfield code="w">h</subfield><subfield code="a">Rangamaro</subfield></datafield><datafield tag="550" ind1=" " ind2=" "><subfield code="w">h</subfield><subfield code="a">Tāhapa</subfield></datafield><datafield tag="550" ind1=" " ind2=" "><subfield code="w">h</subfield><subfield code="a">Taua muru</subfield></datafield><datafield tag="680" ind1=" " ind2=" "><subfield code="i">Whakamārama: Ko te hokowhitu toa e whakatika ana ki te pakanga.</subfield></datafield><datafield tag="680" ind1=" " ind2=" "><subfield code="i">Scope Note: A fighting force of Māori.</subfield></datafield></record>