<record><leader>00000nz  a2200000n  4500</leader><controlfield tag="001">2389</controlfield><controlfield tag="003">NzReo</controlfield><controlfield tag="008">060531 n anznnbab|          || ana      </controlfield><datafield tag="040" ind1=" " ind2=" "><subfield code="a">Nz</subfield><subfield code="c">Nz</subfield><subfield code="f">reo</subfield></datafield><datafield tag="150" ind1=" " ind2=" "><subfield code="a">Taua muru</subfield></datafield><datafield tag="450" ind1=" " ind2=" "><subfield code="a">Plundering parties</subfield></datafield><datafield tag="550" ind1=" " ind2=" "><subfield code="a">Utu</subfield></datafield><datafield tag="550" ind1=" " ind2=" "><subfield code="w">g</subfield><subfield code="a">Muru</subfield></datafield><datafield tag="550" ind1=" " ind2=" "><subfield code="w">g</subfield><subfield code="a">Taua</subfield></datafield><datafield tag="680" ind1=" " ind2=" "><subfield code="i">Whakamārama: He ope taua ka haere ki te muru i ngā taonga a te hunga hara ki ā rātou.</subfield></datafield><datafield tag="680" ind1=" " ind2=" "><subfield code="i">Scope Note: An institutionalised form of violent fighting as a means of settling disputes. The offender was stripped of property by the plundering party.</subfield></datafield></record>