<record><leader>00000nz  a2200000n  4500</leader><controlfield tag="001">1642</controlfield><controlfield tag="003">NzReo</controlfield><controlfield tag="008">060524 n anznnbab|          || ana      </controlfield><datafield tag="040" ind1=" " ind2=" "><subfield code="a">Nz</subfield><subfield code="c">Nz</subfield><subfield code="f">reo</subfield></datafield><datafield tag="150" ind1=" " ind2=" "><subfield code="a">Tauhinu korokio</subfield></datafield><datafield tag="450" ind1=" " ind2=" "><subfield code="a">Tauhinu koromiko</subfield></datafield><datafield tag="450" ind1=" " ind2=" "><subfield code="a">Cottonwoods</subfield></datafield><datafield tag="550" ind1=" " ind2=" "><subfield code="w">g</subfield><subfield code="a">Mauwha</subfield></datafield><datafield tag="680" ind1=" " ind2=" "><subfield code="i">Whakamārama: He mauwha kaho, pūhuruhuru. Āhua rite ki te koromiko. Kei te kāmata rawa ngā pūhui pua.</subfield></datafield><datafield tag="680" ind1=" " ind2=" "><subfield code="i">Scope Note: A shrub covered with yellowish tomentum, with the appearance of a small leaved koromiko/hebe. The flower clusters are at the tips of the branchlets. Cassinia leptophylla.</subfield></datafield></record>