<record><leader>00000nz  a2200000n  4500</leader><controlfield tag="001">4224</controlfield><controlfield tag="003">NzReo</controlfield><controlfield tag="008">131015 n anznnbab|          || ana      </controlfield><datafield tag="040" ind1=" " ind2=" "><subfield code="a">Nz</subfield><subfield code="c">Nz</subfield><subfield code="f">reo</subfield></datafield><datafield tag="150" ind1=" " ind2=" "><subfield code="a">Tauhokohoko-ā-ipurangi</subfield></datafield><datafield tag="450" ind1=" " ind2=" "><subfield code="a">Commerce, Electronic</subfield></datafield><datafield tag="450" ind1=" " ind2=" "><subfield code="a">E-commerce</subfield></datafield><datafield tag="450" ind1=" " ind2=" "><subfield code="a">Electronic commerce</subfield></datafield><datafield tag="550" ind1=" " ind2=" "><subfield code="a">Ipurangi</subfield></datafield><datafield tag="550" ind1=" " ind2=" "><subfield code="w">g</subfield><subfield code="a">Tauhokohoko</subfield></datafield></record>