<record><leader>00000nz  a2200000n  4500</leader><controlfield tag="001">1365</controlfield><controlfield tag="003">NzReo</controlfield><controlfield tag="008">060511 n anznnbab|          || ana      </controlfield><datafield tag="040" ind1=" " ind2=" "><subfield code="a">Nz</subfield><subfield code="c">Nz</subfield><subfield code="f">reo</subfield></datafield><datafield tag="150" ind1=" " ind2=" "><subfield code="a">Tauhou</subfield></datafield><datafield tag="450" ind1=" " ind2=" "><subfield code="a">Silvereyes</subfield></datafield><datafield tag="450" ind1=" " ind2=" "><subfield code="a">Waxeyes</subfield></datafield><datafield tag="550" ind1=" " ind2=" "><subfield code="w">g</subfield><subfield code="a">Manu ngahere</subfield></datafield><datafield tag="680" ind1=" " ind2=" "><subfield code="i">Whakamārama: He manu ririki, kāriki. He mā te porowhita kei ngā karu. Nāna anō ia i kawe mai i Ahitereia.</subfield></datafield><datafield tag="680" ind1=" " ind2=" "><subfield code="i">Scope Note: A small green bird with a white circle around the eyes, self-introduced from Australia. Zosterops lateralis.</subfield></datafield></record>