<record><leader>00000nz  a2200000n  4500</leader><controlfield tag="001">1059</controlfield><controlfield tag="003">NzReo</controlfield><controlfield tag="008">050831 n anznnbab|          || ana      </controlfield><datafield tag="040" ind1=" " ind2=" "><subfield code="a">Nz</subfield><subfield code="c">Nz</subfield><subfield code="f">reo</subfield></datafield><datafield tag="150" ind1=" " ind2=" "><subfield code="a">Tauira</subfield></datafield><datafield tag="450" ind1=" " ind2=" "><subfield code="a">Pupils</subfield></datafield><datafield tag="550" ind1=" " ind2=" "><subfield code="a">Akonga</subfield></datafield><datafield tag="550" ind1=" " ind2=" "><subfield code="a">Karahipi</subfield></datafield><datafield tag="550" ind1=" " ind2=" "><subfield code="w">g</subfield><subfield code="a">Ako</subfield></datafield><datafield tag="680" ind1=" " ind2=" "><subfield code="i">Whakamārama: He tauira te akonga e whai atu ana i ngā mātauranga katoa o tētahi tohunga nōna anake tōna ake mātauranga.</subfield></datafield><datafield tag="680" ind1=" " ind2=" "><subfield code="i">Scope Note: A pupil under instruction and tutelage in a specific branch of knowledge.</subfield></datafield></record>