<record><leader>00000nz  a2200000n  4500</leader><controlfield tag="001">3430</controlfield><controlfield tag="003">NzReo</controlfield><controlfield tag="008">101221 n anznnbab|          || ana      </controlfield><datafield tag="040" ind1=" " ind2=" "><subfield code="a">Nz</subfield><subfield code="c">Nz</subfield><subfield code="f">reo</subfield></datafield><datafield tag="150" ind1=" " ind2=" "><subfield code="a">Tauiwi</subfield></datafield><datafield tag="450" ind1=" " ind2=" "><subfield code="a">Foreigners</subfield></datafield><datafield tag="450" ind1=" " ind2=" "><subfield code="a">Nationalities</subfield></datafield><datafield tag="550" ind1=" " ind2=" "><subfield code="a">Iwi taketake</subfield></datafield><datafield tag="550" ind1=" " ind2=" "><subfield code="w">g</subfield><subfield code="a">Tāngata</subfield></datafield><datafield tag="550" ind1=" " ind2=" "><subfield code="w">h</subfield><subfield code="a">Ingarihi</subfield></datafield><datafield tag="550" ind1=" " ind2=" "><subfield code="w">h</subfield><subfield code="a">Pākehā</subfield></datafield><datafield tag="550" ind1=" " ind2=" "><subfield code="w">h</subfield><subfield code="a">Tararā</subfield></datafield><datafield tag="550" ind1=" " ind2=" "><subfield code="w">h</subfield><subfield code="a">Wīwī (Tauiwi)</subfield></datafield></record>