<record><leader>00000nz  a2200000n  4500</leader><controlfield tag="001">3094</controlfield><controlfield tag="003">NzReo</controlfield><controlfield tag="008">100720 n anznnbab|          || ana      </controlfield><datafield tag="040" ind1=" " ind2=" "><subfield code="a">Nz</subfield><subfield code="c">Nz</subfield><subfield code="f">reo</subfield></datafield><datafield tag="150" ind1=" " ind2=" "><subfield code="a">Taumāhekeheke</subfield></datafield><datafield tag="450" ind1=" " ind2=" "><subfield code="a">Competitive leisure activities</subfield></datafield><datafield tag="450" ind1=" " ind2=" "><subfield code="a">Competitive recreational activities</subfield></datafield><datafield tag="450" ind1=" " ind2=" "><subfield code="a">Competitive social activities</subfield></datafield><datafield tag="450" ind1=" " ind2=" "><subfield code="a">Leisure activities, Competitive</subfield></datafield><datafield tag="450" ind1=" " ind2=" "><subfield code="a">Recreational activities, Competitive</subfield></datafield><datafield tag="450" ind1=" " ind2=" "><subfield code="a">Social activities, Competitive</subfield></datafield><datafield tag="550" ind1=" " ind2=" "><subfield code="w">g</subfield><subfield code="a">Whakataetae</subfield></datafield><datafield tag="550" ind1=" " ind2=" "><subfield code="w">h</subfield><subfield code="a">Kaiuru</subfield></datafield><datafield tag="680" ind1=" " ind2=" "><subfield code="i">Whakamārama: Ka whakataetae mō tētahi mea i runga i te ngākau pai.</subfield></datafield><datafield tag="680" ind1=" " ind2=" "><subfield code="i">Scope Note: Competitive activities with a recreational or social focus. See also: Competitive activities</subfield></datafield></record>