<record><leader>00000nz  a2200000n  4500</leader><controlfield tag="001">3873</controlfield><controlfield tag="003">NzReo</controlfield><controlfield tag="008">111215 n anznnbab|          || ana      </controlfield><datafield tag="040" ind1=" " ind2=" "><subfield code="a">Nz</subfield><subfield code="c">Nz</subfield><subfield code="f">reo</subfield></datafield><datafield tag="150" ind1=" " ind2=" "><subfield code="a">Taumau</subfield></datafield><datafield tag="450" ind1=" " ind2=" "><subfield code="a">Taimau</subfield></datafield><datafield tag="450" ind1=" " ind2=" "><subfield code="a">Tāmau</subfield></datafield><datafield tag="450" ind1=" " ind2=" "><subfield code="a">Taumou</subfield></datafield><datafield tag="450" ind1=" " ind2=" "><subfield code="a">Tomo (Taumau)</subfield></datafield><datafield tag="450" ind1=" " ind2=" "><subfield code="a">Tono (Taumau)</subfield></datafield><datafield tag="450" ind1=" " ind2=" "><subfield code="a">Arranged marriages</subfield></datafield><datafield tag="450" ind1=" " ind2=" "><subfield code="a">Marriages, Arranged</subfield></datafield><datafield tag="550" ind1=" " ind2=" "><subfield code="a">Mārenatanga</subfield></datafield><datafield tag="550" ind1=" " ind2=" "><subfield code="a">Whakapapa</subfield></datafield><datafield tag="550" ind1=" " ind2=" "><subfield code="w">g</subfield><subfield code="a">Tikanga tuku iho</subfield></datafield><datafield tag="680" ind1=" " ind2=" "><subfield code="i">Whakamārama: Ka tohua hei hoa rangatira mō tētahi atu ā tōna wā.</subfield></datafield><datafield tag="680" ind1=" " ind2=" "><subfield code="i">Scope Note: A cultural practice where marriage is formally arranged by the grandfathers of the two communities to which the prospective bride and groom belong.</subfield></datafield></record>