<record><leader>00000nz  a2200000n  4500</leader><controlfield tag="001">3666</controlfield><controlfield tag="003">NzReo</controlfield><controlfield tag="008">110603 n anznnbab|          || ana      </controlfield><datafield tag="040" ind1=" " ind2=" "><subfield code="a">Nz</subfield><subfield code="c">Nz</subfield><subfield code="f">reo</subfield></datafield><datafield tag="150" ind1=" " ind2=" "><subfield code="a">Taunahanahatanga</subfield></datafield><datafield tag="450" ind1=" " ind2=" "><subfield code="a">Tohu pūmahara</subfield></datafield><datafield tag="450" ind1=" " ind2=" "><subfield code="a">Tohu whenua</subfield></datafield><datafield tag="450" ind1=" " ind2=" "><subfield code="a">Tūtakiwā</subfield></datafield><datafield tag="450" ind1=" " ind2=" "><subfield code="a">Land forms</subfield></datafield><datafield tag="450" ind1=" " ind2=" "><subfield code="a">Landmarks</subfield></datafield><datafield tag="450" ind1=" " ind2=" "><subfield code="a">Names of places</subfield></datafield><datafield tag="450" ind1=" " ind2=" "><subfield code="a">Placenames</subfield></datafield><datafield tag="550" ind1=" " ind2=" "><subfield code="a">Awa</subfield></datafield><datafield tag="550" ind1=" " ind2=" "><subfield code="a">Ingoa</subfield></datafield><datafield tag="550" ind1=" " ind2=" "><subfield code="a">Moana</subfield></datafield><datafield tag="550" ind1=" " ind2=" "><subfield code="a">Pepeha</subfield></datafield><datafield tag="550" ind1=" " ind2=" "><subfield code="a">Tūrangawaewae</subfield></datafield><datafield tag="550" ind1=" " ind2=" "><subfield code="w">g</subfield><subfield code="a">Tuakiri</subfield></datafield><datafield tag="550" ind1=" " ind2=" "><subfield code="w">g</subfield><subfield code="a">Whenua</subfield></datafield><datafield tag="680" ind1=" " ind2=" "><subfield code="i">Whakamārama: Ko ngā kōrero e pā ana ki ngā ingoa Māori o ngā momo wāhi katoa.</subfield></datafield><datafield tag="680" ind1=" " ind2=" "><subfield code="i">Scope Note: Use for works about meanings and origins of placenames and landmarks. See also Ingoa (Personal names).</subfield></datafield></record>