<record><leader>00000nz  a2200000n  4500</leader><controlfield tag="001">769</controlfield><controlfield tag="003">NzReo</controlfield><controlfield tag="008">050825 n anznnbab|          || ana      </controlfield><datafield tag="040" ind1=" " ind2=" "><subfield code="a">Nz</subfield><subfield code="c">Nz</subfield><subfield code="f">reo</subfield></datafield><datafield tag="150" ind1=" " ind2=" "><subfield code="a">Tauparapara</subfield></datafield><datafield tag="450" ind1=" " ind2=" "><subfield code="a">Canoe chants</subfield></datafield><datafield tag="450" ind1=" " ind2=" "><subfield code="a">Chants, Canoes</subfield></datafield><datafield tag="550" ind1=" " ind2=" "><subfield code="a">Waka</subfield></datafield><datafield tag="550" ind1=" " ind2=" "><subfield code="w">g</subfield><subfield code="a">Karakia</subfield></datafield><datafield tag="550" ind1=" " ind2=" "><subfield code="w">g</subfield><subfield code="a">Whaikōrero</subfield></datafield><datafield tag="680" ind1=" " ind2=" "><subfield code="i">Whakamārama: He karakia mo te waka. Kia tau ai te tauparapara i te whaikōrero.</subfield></datafield><datafield tag="680" ind1=" " ind2=" "><subfield code="i">Scope Note: Chanting of prayers for waka/canoes, or, compositions recited to introduce and move forward a formal speech.</subfield></datafield></record>