<record><leader>00000nz  a2200000n  4500</leader><controlfield tag="001">424</controlfield><controlfield tag="003">NzReo</controlfield><controlfield tag="008">050506 n anznnbab|          || ana      </controlfield><datafield tag="040" ind1=" " ind2=" "><subfield code="a">Nz</subfield><subfield code="c">Nz</subfield><subfield code="f">reo</subfield></datafield><datafield tag="150" ind1=" " ind2=" "><subfield code="a">Tauranga (Waka)</subfield></datafield><datafield tag="450" ind1=" " ind2=" "><subfield code="a">Canoe landings</subfield></datafield><datafield tag="450" ind1=" " ind2=" "><subfield code="a">Landings for canoes</subfield></datafield><datafield tag="550" ind1=" " ind2=" "><subfield code="a">Ūnga waka</subfield></datafield><datafield tag="550" ind1=" " ind2=" "><subfield code="w">g</subfield><subfield code="a">Waka</subfield></datafield><datafield tag="680" ind1=" " ind2=" "><subfield code="i">Whakamārama: Ko te wāhi e tau ai te waka, ka kūmea ki uta.</subfield></datafield><datafield tag="680" ind1=" " ind2=" "><subfield code="i">Scope Note: Landing places where waka/canoes were drawn up out of the water.</subfield></datafield></record>