<record><leader>00000nz  a2200000n  4500</leader><controlfield tag="001">386</controlfield><controlfield tag="003">NzReo</controlfield><controlfield tag="008">050506 n anznnbab|          || ana      </controlfield><datafield tag="040" ind1=" " ind2=" "><subfield code="a">Nz</subfield><subfield code="c">Nz</subfield><subfield code="f">reo</subfield></datafield><datafield tag="150" ind1=" " ind2=" "><subfield code="a">Taurapa</subfield></datafield><datafield tag="450" ind1=" " ind2=" "><subfield code="a">Sternposts, Canoe</subfield></datafield><datafield tag="550" ind1=" " ind2=" "><subfield code="a">Puhiariki</subfield></datafield><datafield tag="550" ind1=" " ind2=" "><subfield code="w">g</subfield><subfield code="a">Waka</subfield></datafield><datafield tag="680" ind1=" " ind2=" "><subfield code="i">Whakamārama: Ko te pou whakairo, whakahirahira o te kei o te waka taua.</subfield></datafield><datafield tag="680" ind1=" " ind2=" "><subfield code="i">Scope Note: The carved sternpost of a waka taua/war canoe.</subfield></datafield></record>