<record><leader>00000nz  a2200000n  4500</leader><controlfield tag="001">1121</controlfield><controlfield tag="003">NzReo</controlfield><controlfield tag="008">060331 n anznnbab|          || ana      </controlfield><datafield tag="040" ind1=" " ind2=" "><subfield code="a">Nz</subfield><subfield code="c">Nz</subfield><subfield code="f">reo</subfield></datafield><datafield tag="150" ind1=" " ind2=" "><subfield code="a">Tautohetohe</subfield></datafield><datafield tag="450" ind1=" " ind2=" "><subfield code="a">Arguments</subfield></datafield><datafield tag="450" ind1=" " ind2=" "><subfield code="a">Debates</subfield></datafield><datafield tag="550" ind1=" " ind2=" "><subfield code="a">Mautohe</subfield></datafield><datafield tag="550" ind1=" " ind2=" "><subfield code="a">Whenua tautohetohe</subfield></datafield><datafield tag="550" ind1=" " ind2=" "><subfield code="w">g</subfield><subfield code="a">Kōrero</subfield></datafield><datafield tag="550" ind1=" " ind2=" "><subfield code="w">h</subfield><subfield code="a">Taukumekume</subfield></datafield><datafield tag="550" ind1=" " ind2=" "><subfield code="w">h</subfield><subfield code="a">Taupatupatu</subfield></datafield><datafield tag="680" ind1=" " ind2=" "><subfield code="i">Whakamārama: He wera ngā kōrerorero.</subfield></datafield><datafield tag="680" ind1=" " ind2=" "><subfield code="i">Scope Note: Debate or argue.</subfield></datafield></record>