<record><leader>00000nz  a2200000n  4500</leader><controlfield tag="001">800</controlfield><controlfield tag="003">NzReo</controlfield><controlfield tag="008">050825 n anznnbab|          || ana      </controlfield><datafield tag="040" ind1=" " ind2=" "><subfield code="a">Nz</subfield><subfield code="c">Nz</subfield><subfield code="f">reo</subfield></datafield><datafield tag="150" ind1=" " ind2=" "><subfield code="a">Tawa</subfield></datafield><datafield tag="550" ind1=" " ind2=" "><subfield code="w">g</subfield><subfield code="a">Hua rākau</subfield></datafield><datafield tag="550" ind1=" " ind2=" "><subfield code="w">g</subfield><subfield code="a">Rākau whakakake</subfield></datafield><datafield tag="680" ind1=" " ind2=" "><subfield code="i">Whakamārama: He rākau roa, torotika. He whāiti, he koikoi ngā rau. He pūkaka, he taitea, hei tao huia. He rarahi, he poropango ngā hua, kainga ai. Mahia ai he rongoa ki ngā rau.</subfield></datafield><datafield tag="680" ind1=" " ind2=" "><subfield code="i">Scope Note: A tall erect tree with narrow pointed leaves and large blackish stone-fruits which were used for food. The wood is pale and straight grained but soft and was used for bird spears. An important medicinal plant. Beilschmiedia tawa.</subfield></datafield></record>