<record><leader>00000nz  a2200000n  4500</leader><controlfield tag="001">1978</controlfield><controlfield tag="003">NzReo</controlfield><controlfield tag="008">060524 n anznnbab|          || ana      </controlfield><datafield tag="040" ind1=" " ind2=" "><subfield code="a">Nz</subfield><subfield code="c">Nz</subfield><subfield code="f">reo</subfield></datafield><datafield tag="150" ind1=" " ind2=" "><subfield code="a">Tawāpou</subfield></datafield><datafield tag="550" ind1=" " ind2=" "><subfield code="w">g</subfield><subfield code="a">Rākau whakaruruhau</subfield></datafield><datafield tag="680" ind1=" " ind2=" "><subfield code="i">Whakamārama: He rākau kei te takutai moana o Te Tai Tokerau. Ka rere te tawau mehemea ka tapahia. Ko ngā hua he nunui, he whero. Ko ngā kākano he nunui, tuia ai hei taonga mau kakī.</subfield></datafield><datafield tag="680" ind1=" " ind2=" "><subfield code="i">Scope Note: A coastal tree of the north of the North Island. The tree bleeds a milky sap when cut. The berry is large and turns red. The seeds are large and were formerly used for making necklaces. Planchonella costata.</subfield></datafield></record>