<record><leader>00000nz  a2200000n  4500</leader><controlfield tag="001">1979</controlfield><controlfield tag="003">NzReo</controlfield><controlfield tag="008">060524 n anznnbab|          || ana      </controlfield><datafield tag="040" ind1=" " ind2=" "><subfield code="a">Nz</subfield><subfield code="c">Nz</subfield><subfield code="f">reo</subfield></datafield><datafield tag="150" ind1=" " ind2=" "><subfield code="a">Tāwari</subfield></datafield><datafield tag="550" ind1=" " ind2=" "><subfield code="w">g</subfield><subfield code="a">Rākau whakaruruhau</subfield></datafield><datafield tag="680" ind1=" " ind2=" "><subfield code="i">Whakamārama: Rākau kei te ngāhere kei ngā maunga e tupu ana. Ko ngā rau, he whāiti, he nihoniho ngā tapa. He kārikitea ngā pua, he whākou rā.</subfield></datafield><datafield tag="680" ind1=" " ind2=" "><subfield code="i">Scope Note: A tree of mountain forests with distinctive narrow leaves with blunt teeth and large cream/green flowers called whākou. Ixerba brexioides.</subfield></datafield></record>