<record><leader>00000nz  a2200000n  4500</leader><controlfield tag="001">2640</controlfield><controlfield tag="003">NzReo</controlfield><controlfield tag="008">060607 n anznnbab|          || ana      </controlfield><datafield tag="040" ind1=" " ind2=" "><subfield code="a">Nz</subfield><subfield code="c">Nz</subfield><subfield code="f">reo</subfield></datafield><datafield tag="150" ind1=" " ind2=" "><subfield code="a">Tawatawa</subfield></datafield><datafield tag="450" ind1=" " ind2=" "><subfield code="a">Tewetewe</subfield></datafield><datafield tag="450" ind1=" " ind2=" "><subfield code="a">Blue mackerels</subfield></datafield><datafield tag="450" ind1=" " ind2=" "><subfield code="a">Mackerels, Blue</subfield></datafield><datafield tag="550" ind1=" " ind2=" "><subfield code="w">g</subfield><subfield code="a">Ika moana</subfield></datafield><datafield tag="680" ind1=" " ind2=" "><subfield code="i">Whakamārama: He ika matatuhi, rarahi ngā karu. He hanga rite ki te kahawai pūhihi. He ōrangi kāriki te tuarā, he mā kākonu te poho me ngā tohu kerekere rite ki te moko.</subfield></datafield><datafield tag="680" ind1=" " ind2=" "><subfield code="i">Scope Note: A shoaling fish shaped like a slender kahawai with a large eye. The ground colour is blue/green above and silvery white below, with an irregular pattern of dark markings like a moko above. Scomber australasicus.</subfield></datafield></record>