<record><leader>00000nz  a2200000n  4500</leader><controlfield tag="001">1918</controlfield><controlfield tag="003">NzReo</controlfield><controlfield tag="008">060524 n anznnbab|          || ana      </controlfield><datafield tag="040" ind1=" " ind2=" "><subfield code="a">Nz</subfield><subfield code="c">Nz</subfield><subfield code="f">reo</subfield></datafield><datafield tag="150" ind1=" " ind2=" "><subfield code="a">Tāwhai</subfield></datafield><datafield tag="450" ind1=" " ind2=" "><subfield code="a">Tāwai</subfield></datafield><datafield tag="450" ind1=" " ind2=" "><subfield code="a">Beeches, Silver</subfield></datafield><datafield tag="450" ind1=" " ind2=" "><subfield code="a">Silver beeches</subfield></datafield><datafield tag="550" ind1=" " ind2=" "><subfield code="w">g</subfield><subfield code="a">Rākau whakakake</subfield></datafield><datafield tag="680" ind1=" " ind2=" "><subfield code="i">Whakamārama: He rākau roa, he rākau pāpua, nō te ngahere. He ririki, he porotaka he nihoniho ngā rau, he tauhokohoko te tipu.</subfield></datafield><datafield tag="680" ind1=" " ind2=" "><subfield code="i">Scope Note: A tall forest tree with spreading branches. The small, rounded, toothed leaves alternate in two rows. Nothofagus menziesii.</subfield></datafield></record>