<record><leader>00000nz  a2200000n  4500</leader><controlfield tag="001">1919</controlfield><controlfield tag="003">NzReo</controlfield><controlfield tag="008">060524 n anznnbab|          || ana      </controlfield><datafield tag="040" ind1=" " ind2=" "><subfield code="a">Nz</subfield><subfield code="c">Nz</subfield><subfield code="f">reo</subfield></datafield><datafield tag="150" ind1=" " ind2=" "><subfield code="a">Tāwhai pango</subfield></datafield><datafield tag="450" ind1=" " ind2=" "><subfield code="a">Beeches, Black</subfield></datafield><datafield tag="450" ind1=" " ind2=" "><subfield code="a">Black beeches</subfield></datafield><datafield tag="550" ind1=" " ind2=" "><subfield code="w">g</subfield><subfield code="a">Rākau whakakake</subfield></datafield><datafield tag="680" ind1=" " ind2=" "><subfield code="i">Whakamārama: He momo tāwhai, he ririki, he matahua ngā rau, he hinauri te tīwai.</subfield></datafield><datafield tag="680" ind1=" " ind2=" "><subfield code="i">Scope Note: A beech with small oval leaves and a dark grey trunk. Nothofagus solandri.</subfield></datafield></record>