<record><leader>00000nz  a2200000n  4500</leader><controlfield tag="001">1920</controlfield><controlfield tag="003">NzReo</controlfield><controlfield tag="008">060524 n anznnbab|          || ana      </controlfield><datafield tag="040" ind1=" " ind2=" "><subfield code="a">Nz</subfield><subfield code="c">Nz</subfield><subfield code="f">reo</subfield></datafield><datafield tag="150" ind1=" " ind2=" "><subfield code="a">Tāwhai raunui</subfield></datafield><datafield tag="450" ind1=" " ind2=" "><subfield code="a">Beeches, Red</subfield></datafield><datafield tag="450" ind1=" " ind2=" "><subfield code="a">Red beeches</subfield></datafield><datafield tag="550" ind1=" " ind2=" "><subfield code="w">g</subfield><subfield code="a">Rākau whakakake</subfield></datafield><datafield tag="680" ind1=" " ind2=" "><subfield code="i">Whakamārama: He momo tāwhai, he rarahi, he niniho ngā rau. He puwhero ngā raurau pūhouhou i te takurua.</subfield></datafield><datafield tag="680" ind1=" " ind2=" "><subfield code="i">Scope Note: A beech with rather large toothed leaves. The young foliage is tinted red in winter. Nothofagus fusca.</subfield></datafield></record>