<record><leader>00000nz  a2200000n  4500</leader><controlfield tag="001">4124</controlfield><controlfield tag="003">NzReo</controlfield><controlfield tag="008">130110 n anznnbab|          || ana      </controlfield><datafield tag="040" ind1=" " ind2=" "><subfield code="a">Nz</subfield><subfield code="c">Nz</subfield><subfield code="f">reo</subfield></datafield><datafield tag="150" ind1=" " ind2=" "><subfield code="a">Tāwhirimātea</subfield></datafield><datafield tag="550" ind1=" " ind2=" "><subfield code="a">Āhua-o-te-rangi</subfield></datafield><datafield tag="550" ind1=" " ind2=" "><subfield code="a">Hau</subfield></datafield><datafield tag="550" ind1=" " ind2=" "><subfield code="a">Haumātakataka</subfield></datafield><datafield tag="550" ind1=" " ind2=" "><subfield code="w">g</subfield><subfield code="a">Atua</subfield></datafield><datafield tag="680" ind1=" " ind2=" "><subfield code="i">Scope Note: The god of winds and weather.</subfield></datafield></record>