<record><leader>00000nz  a2200000n  4500</leader><controlfield tag="001">4249</controlfield><controlfield tag="003">NzReo</controlfield><controlfield tag="008">131015 n anznnbab|          || ana      </controlfield><datafield tag="040" ind1=" " ind2=" "><subfield code="a">Nz</subfield><subfield code="c">Nz</subfield><subfield code="f">reo</subfield></datafield><datafield tag="150" ind1=" " ind2=" "><subfield code="a">Te Ao Hurihuri</subfield></datafield><datafield tag="450" ind1=" " ind2=" "><subfield code="a">Te Ao Hou</subfield></datafield><datafield tag="450" ind1=" " ind2=" "><subfield code="a">Post-European era</subfield></datafield><datafield tag="550" ind1=" " ind2=" "><subfield code="w">g</subfield><subfield code="a">Ōrokohanga o te ao</subfield></datafield><datafield tag="680" ind1=" " ind2=" "><subfield code="i">Scope Note: Contemporary times, post-European times, after contact with Europeans.</subfield></datafield></record>