<record><leader>00000nz  a2200000n  4500</leader><controlfield tag="001">4364</controlfield><controlfield tag="003">NzReo</controlfield><controlfield tag="008">140902 n anznnbab|          || ana      </controlfield><datafield tag="040" ind1=" " ind2=" "><subfield code="a">Nz</subfield><subfield code="c">Nz</subfield><subfield code="f">reo</subfield></datafield><datafield tag="150" ind1=" " ind2=" "><subfield code="a">Te Awa Atua</subfield></datafield><datafield tag="450" ind1=" " ind2=" "><subfield code="a">Awa Atua, Te</subfield></datafield><datafield tag="450" ind1=" " ind2=" "><subfield code="a">Īkura</subfield></datafield><datafield tag="450" ind1=" " ind2=" "><subfield code="a">Mate marama</subfield></datafield><datafield tag="450" ind1=" " ind2=" "><subfield code="a">Mate wāhine</subfield></datafield><datafield tag="450" ind1=" " ind2=" "><subfield code="a">Paheke</subfield></datafield><datafield tag="450" ind1=" " ind2=" "><subfield code="a">Tahe</subfield></datafield><datafield tag="450" ind1=" " ind2=" "><subfield code="a">Menstruation</subfield></datafield><datafield tag="550" ind1=" " ind2=" "><subfield code="a">Hinenuitepō</subfield></datafield><datafield tag="550" ind1=" " ind2=" "><subfield code="a">Hinetītama</subfield></datafield><datafield tag="550" ind1=" " ind2=" "><subfield code="a">Marama</subfield></datafield><datafield tag="550" ind1=" " ind2=" "><subfield code="a">Rona</subfield></datafield><datafield tag="550" ind1=" " ind2=" "><subfield code="a">Tapu</subfield></datafield><datafield tag="550" ind1=" " ind2=" "><subfield code="a">Whare tangata</subfield></datafield><datafield tag="550" ind1=" " ind2=" "><subfield code="w">g</subfield><subfield code="a">Wāhine</subfield></datafield></record>