<record><leader>00000nz  a2200000n  4500</leader><controlfield tag="001">3832</controlfield><controlfield tag="003">NzReo</controlfield><controlfield tag="008">111215 n anznnbab|          || ana      </controlfield><datafield tag="040" ind1=" " ind2=" "><subfield code="a">Nz</subfield><subfield code="c">Nz</subfield><subfield code="f">reo</subfield></datafield><datafield tag="150" ind1=" " ind2=" "><subfield code="a">Te tini whanaunga o ngahere</subfield></datafield><datafield tag="450" ind1=" " ind2=" "><subfield code="a">Ecology, Forest</subfield></datafield><datafield tag="450" ind1=" " ind2=" "><subfield code="a">Forest ecology</subfield></datafield><datafield tag="550" ind1=" " ind2=" "><subfield code="a">Tānemāhuta</subfield></datafield><datafield tag="550" ind1=" " ind2=" "><subfield code="a">Te Wao nui a Tāne</subfield></datafield><datafield tag="550" ind1=" " ind2=" "><subfield code="w">g</subfield><subfield code="a">Mātauranga taupuhi kaiao</subfield></datafield><datafield tag="680" ind1=" " ind2=" "><subfield code="i">Whakamārama: Ko te whanaungatanga o ngā mea katoa i roto i te ngahere.</subfield></datafield><datafield tag="680" ind1=" " ind2=" "><subfield code="i">Scope Note: Covering all aspects of forest ecology.</subfield></datafield></record>