<record><leader>00000nz  a2200000n  4500</leader><controlfield tag="001">896</controlfield><controlfield tag="003">NzReo</controlfield><controlfield tag="008">050831 n anznnbab|          || ana      </controlfield><datafield tag="040" ind1=" " ind2=" "><subfield code="a">Nz</subfield><subfield code="c">Nz</subfield><subfield code="f">reo</subfield></datafield><datafield tag="150" ind1=" " ind2=" "><subfield code="a">Te Waka o Tama-rereti</subfield></datafield><datafield tag="450" ind1=" " ind2=" "><subfield code="a">Tama-Rereti</subfield></datafield><datafield tag="550" ind1=" " ind2=" "><subfield code="a">Mangōroa</subfield></datafield><datafield tag="550" ind1=" " ind2=" "><subfield code="w">g</subfield><subfield code="a">Tātai whetū</subfield></datafield><datafield tag="680" ind1=" " ind2=" "><subfield code="i">Whakamārama: Te Matau a Māui. Ko Matariki rātou ko Kōkota, ko Sirius, ko Atutahi, ko Tautoru te whānau whetu o Te Waka o Tama-rereti. Kei tua atu i tēnei whānau ko Te Matau a Māui.</subfield></datafield><datafield tag="680" ind1=" " ind2=" "><subfield code="i">Scope Note: A combination of star constellations including Matariki/Pleaides, Kōkota/Hyades, Sirius/Takurua, Atutahi/Canopus and Orion's Belt/Tautoru to form a waka shape known as Te Waka o Tama-rereti. The constellation only appears opposite Scorpio/ Te Matau a Māui.</subfield></datafield></record>