<record><leader>00000nz  a2200000n  4500</leader><controlfield tag="001">1246</controlfield><controlfield tag="003">NzReo</controlfield><controlfield tag="008">060413 n anznnbab|          || ana      </controlfield><datafield tag="040" ind1=" " ind2=" "><subfield code="a">Nz</subfield><subfield code="c">Nz</subfield><subfield code="f">reo</subfield></datafield><datafield tag="150" ind1=" " ind2=" "><subfield code="a">Tekoteko</subfield></datafield><datafield tag="550" ind1=" " ind2=" "><subfield code="w">g</subfield><subfield code="a">Whare whakairo</subfield></datafield><datafield tag="680" ind1=" " ind2=" "><subfield code="i">Whakamārama: Ko te nuinga o ngā tekoteko, he whakairo noa o te tūpuna nōna te hapū. Kei runga i te tuanui i mua o te wharepuni.</subfield></datafield><datafield tag="680" ind1=" " ind2=" "><subfield code="i">Scope Note: This represents the ancestor for whom the carved meeting house is named.</subfield></datafield></record>