<record><leader>00000nz  a2200000n  4500</leader><controlfield tag="001">2335</controlfield><controlfield tag="003">NzReo</controlfield><controlfield tag="008">060531 n anznnbab|          || ana      </controlfield><datafield tag="040" ind1=" " ind2=" "><subfield code="a">Nz</subfield><subfield code="c">Nz</subfield><subfield code="f">reo</subfield></datafield><datafield tag="150" ind1=" " ind2=" "><subfield code="a">Tete</subfield></datafield><datafield tag="450" ind1=" " ind2=" "><subfield code="a">Short spears</subfield></datafield><datafield tag="450" ind1=" " ind2=" "><subfield code="a">Spears, Short</subfield></datafield><datafield tag="550" ind1=" " ind2=" "><subfield code="w">g</subfield><subfield code="a">Rākau ā Tū</subfield></datafield><datafield tag="680" ind1=" " ind2=" "><subfield code="i">Whakamārama: He momo tao, he potopoto, he koikoi, hei paoka i te hoariri.</subfield></datafield><datafield tag="680" ind1=" " ind2=" "><subfield code="i">Scope Note: A short stabbing spear used in hand-to-hand fighting.</subfield></datafield></record>