<record><leader>00000nz  a2200000n  4500</leader><controlfield tag="001">2336</controlfield><controlfield tag="003">NzReo</controlfield><controlfield tag="008">060531 n anznnbab|          || ana      </controlfield><datafield tag="040" ind1=" " ind2=" "><subfield code="a">Nz</subfield><subfield code="c">Nz</subfield><subfield code="f">reo</subfield></datafield><datafield tag="150" ind1=" " ind2=" "><subfield code="a">Tewhatewha</subfield></datafield><datafield tag="550" ind1=" " ind2=" "><subfield code="a">Mau tewhatawha</subfield></datafield><datafield tag="550" ind1=" " ind2=" "><subfield code="w">g</subfield><subfield code="a">Rākau ā Tū</subfield></datafield><datafield tag="680" ind1=" " ind2=" "><subfield code="i">Whakamārama: He rākau nā Tū. He koikoi tētahi pito, he āhua rite ki te toki te rau.</subfield></datafield><datafield tag="680" ind1=" " ind2=" "><subfield code="i">Scope Note: A fighting staff of wood with one end pointed and the other expanded into a broad blade on one side.</subfield></datafield></record>