<record><leader>00000nz  a2200000n  4500</leader><controlfield tag="001">1868</controlfield><controlfield tag="003">NzReo</controlfield><controlfield tag="008">060524 n anznnbab|          || ana      </controlfield><datafield tag="040" ind1=" " ind2=" "><subfield code="a">Nz</subfield><subfield code="c">Nz</subfield><subfield code="f">reo</subfield></datafield><datafield tag="150" ind1=" " ind2=" "><subfield code="a">Tī koraha</subfield></datafield><datafield tag="450" ind1=" " ind2=" "><subfield code="a">Tī papa</subfield></datafield><datafield tag="450" ind1=" " ind2=" "><subfield code="a">Tī rauriki</subfield></datafield><datafield tag="450" ind1=" " ind2=" "><subfield code="a">Cabbage trees, Dwarf</subfield></datafield><datafield tag="450" ind1=" " ind2=" "><subfield code="a">Dwarf cabbage trees</subfield></datafield><datafield tag="550" ind1=" " ind2=" "><subfield code="a">Tī kōuka</subfield></datafield><datafield tag="550" ind1=" " ind2=" "><subfield code="a">Tī ngahere</subfield></datafield><datafield tag="550" ind1=" " ind2=" "><subfield code="a">Tī pore</subfield></datafield><datafield tag="550" ind1=" " ind2=" "><subfield code="a">Tī tōī</subfield></datafield><datafield tag="550" ind1=" " ind2=" "><subfield code="a">Toetoe</subfield></datafield><datafield tag="550" ind1=" " ind2=" "><subfield code="w">g</subfield><subfield code="a">Tī</subfield></datafield><datafield tag="550" ind1=" " ind2=" "><subfield code="w">g</subfield><subfield code="a">Whara</subfield></datafield><datafield tag="680" ind1=" " ind2=" "><subfield code="i">Whakamārama: He momo tī ririki, he rite ki te wharariki.</subfield></datafield><datafield tag="680" ind1=" " ind2=" "><subfield code="i">Scope Note: A small grasslike relative of the cabbage tree. Cordyline pumilio.</subfield></datafield></record>