<record><leader>00000nz  a2200000n  4500</leader><controlfield tag="001">2047</controlfield><controlfield tag="003">NzReo</controlfield><controlfield tag="008">060524 n anznnbab|          || ana      </controlfield><datafield tag="040" ind1=" " ind2=" "><subfield code="a">Nz</subfield><subfield code="c">Nz</subfield><subfield code="f">reo</subfield></datafield><datafield tag="150" ind1=" " ind2=" "><subfield code="a">Tī pore</subfield></datafield><datafield tag="450" ind1=" " ind2=" "><subfield code="a">Cabbage trees, Pacific Island</subfield></datafield><datafield tag="450" ind1=" " ind2=" "><subfield code="a">Pacific Islands cabbage trees</subfield></datafield><datafield tag="550" ind1=" " ind2=" "><subfield code="a">Tī koraha</subfield></datafield><datafield tag="550" ind1=" " ind2=" "><subfield code="a">Tī kōuka</subfield></datafield><datafield tag="550" ind1=" " ind2=" "><subfield code="a">Tī ngahere</subfield></datafield><datafield tag="550" ind1=" " ind2=" "><subfield code="a">Tī tōī</subfield></datafield><datafield tag="550" ind1=" " ind2=" "><subfield code="w">g</subfield><subfield code="a">Tī</subfield></datafield><datafield tag="680" ind1=" " ind2=" "><subfield code="i">Whakamārama: He momo tī i heria mai i Hawaiiki.</subfield></datafield><datafield tag="680" ind1=" " ind2=" "><subfield code="i">Scope Note: A naturalised Polynesian tree with ornamental cultivars, originally introduced by Māori. Cordyline terminalis.</subfield></datafield></record>