<record><leader>00000nz  a2200000n  4500</leader><controlfield tag="001">3046</controlfield><controlfield tag="003">NzReo</controlfield><controlfield tag="008">100427 n anznnbab|          || ana      </controlfield><datafield tag="040" ind1=" " ind2=" "><subfield code="a">Nz</subfield><subfield code="c">Nz</subfield><subfield code="f">reo</subfield></datafield><datafield tag="150" ind1=" " ind2=" "><subfield code="a">Tī rākau</subfield></datafield><datafield tag="450" ind1=" " ind2=" "><subfield code="a">Games, Stick</subfield></datafield><datafield tag="450" ind1=" " ind2=" "><subfield code="a">Stick games</subfield></datafield><datafield tag="550" ind1=" " ind2=" "><subfield code="a">Tītī tōrea</subfield></datafield><datafield tag="550" ind1=" " ind2=" "><subfield code="w">g</subfield><subfield code="a">Whakaraka</subfield></datafield><datafield tag="680" ind1=" " ind2=" "><subfield code="i">Whakamārama: He rākau, āhua kotahi mita te roa hei whakapakari i te tinana; ki te whakakoi i te hinengaro; ki te takaro hoki.</subfield></datafield><datafield tag="680" ind1=" " ind2=" "><subfield code="i">Scope Note: Stick games, usually played in pairs, using medium length sticks (approx. 1 metre). See also Tītī tōrea using short sticks.</subfield></datafield></record>