<record><leader>00000nz  a2200000n  4500</leader><controlfield tag="001">2048</controlfield><controlfield tag="003">NzReo</controlfield><controlfield tag="008">060524 n anznnbab|          || ana      </controlfield><datafield tag="040" ind1=" " ind2=" "><subfield code="a">Nz</subfield><subfield code="c">Nz</subfield><subfield code="f">reo</subfield></datafield><datafield tag="150" ind1=" " ind2=" "><subfield code="a">Tī tōī</subfield></datafield><datafield tag="450" ind1=" " ind2=" "><subfield code="a">Tī kapu</subfield></datafield><datafield tag="450" ind1=" " ind2=" "><subfield code="a">Tī kupenga</subfield></datafield><datafield tag="450" ind1=" " ind2=" "><subfield code="a">Tī matuku tai</subfield></datafield><datafield tag="450" ind1=" " ind2=" "><subfield code="a">Broadleaved cabbage trees</subfield></datafield><datafield tag="450" ind1=" " ind2=" "><subfield code="a">Cabbage trees, Broadleaved</subfield></datafield><datafield tag="450" ind1=" " ind2=" "><subfield code="a">Cabbage trees, Mountain</subfield></datafield><datafield tag="450" ind1=" " ind2=" "><subfield code="a">Mountain cabbage trees</subfield></datafield><datafield tag="550" ind1=" " ind2=" "><subfield code="a">Tī koraha</subfield></datafield><datafield tag="550" ind1=" " ind2=" "><subfield code="a">Tī kōuka</subfield></datafield><datafield tag="550" ind1=" " ind2=" "><subfield code="a">Tī ngahere</subfield></datafield><datafield tag="550" ind1=" " ind2=" "><subfield code="a">Tī pore</subfield></datafield><datafield tag="550" ind1=" " ind2=" "><subfield code="w">g</subfield><subfield code="a">Tī</subfield></datafield><datafield tag="680" ind1=" " ind2=" "><subfield code="i">Whakamārama: He momo tī, kei ngā ngahere o ngā maunga e tupu ana. He whānui ake ngā rau i o ētahi atu momo tī.</subfield></datafield><datafield tag="680" ind1=" " ind2=" "><subfield code="i">Scope Note: A cabbage tree of mountain forests with broader leaves than the common type (Cordyline australis). Cordyline indivisa.</subfield></datafield></record>