<record><leader>00000nz  a2200000n  4500</leader><controlfield tag="001">2133</controlfield><controlfield tag="003">NzReo</controlfield><controlfield tag="008">060529 n anznnbab|          || ana      </controlfield><datafield tag="040" ind1=" " ind2=" "><subfield code="a">Nz</subfield><subfield code="c">Nz</subfield><subfield code="f">reo</subfield></datafield><datafield tag="150" ind1=" " ind2=" "><subfield code="a">Tikanga-ā-iwi</subfield></datafield><datafield tag="450" ind1=" " ind2=" "><subfield code="a">Customs, Tribal</subfield></datafield><datafield tag="450" ind1=" " ind2=" "><subfield code="a">Traditions, Tribal</subfield></datafield><datafield tag="450" ind1=" " ind2=" "><subfield code="a">Tribal customs</subfield></datafield><datafield tag="450" ind1=" " ind2=" "><subfield code="a">Tribal traditions</subfield></datafield><datafield tag="550" ind1=" " ind2=" "><subfield code="a">Iwi</subfield></datafield><datafield tag="550" ind1=" " ind2=" "><subfield code="a">Marau-ā-iwi</subfield></datafield><datafield tag="550" ind1=" " ind2=" "><subfield code="w">g</subfield><subfield code="a">Tikanga tuku iho</subfield></datafield><datafield tag="680" ind1=" " ind2=" "><subfield code="i">Whakamārama: He rerekē ngā tikanga a tēnā iwi, a tēnā iwi.</subfield></datafield><datafield tag="680" ind1=" " ind2=" "><subfield code="i">Scope Note: The customs and traditions particular to individual iwi.</subfield></datafield></record>