<record><leader>00000nz  a2200000n  4500</leader><controlfield tag="001">3187</controlfield><controlfield tag="003">NzReo</controlfield><controlfield tag="008">101018 n anznnbab|          || ana      </controlfield><datafield tag="040" ind1=" " ind2=" "><subfield code="a">Nz</subfield><subfield code="c">Nz</subfield><subfield code="f">reo</subfield></datafield><datafield tag="150" ind1=" " ind2=" "><subfield code="a">Tikanga rua</subfield></datafield><datafield tag="450" ind1=" " ind2=" "><subfield code="a">Kākano-rua</subfield></datafield><datafield tag="450" ind1=" " ind2=" "><subfield code="a">Tikanga-rua</subfield></datafield><datafield tag="450" ind1=" " ind2=" "><subfield code="a">Tikanga ā-rua</subfield></datafield><datafield tag="450" ind1=" " ind2=" "><subfield code="a">Whakaaro-rua</subfield></datafield><datafield tag="450" ind1=" " ind2=" "><subfield code="a">Bicultural</subfield></datafield><datafield tag="450" ind1=" " ind2=" "><subfield code="a">Biculturalism</subfield></datafield><datafield tag="550" ind1=" " ind2=" "><subfield code="a">Mana ake</subfield></datafield><datafield tag="550" ind1=" " ind2=" "><subfield code="a">Tuakiri</subfield></datafield><datafield tag="550" ind1=" " ind2=" "><subfield code="w">g</subfield><subfield code="a">Mātauranga hapori</subfield></datafield><datafield tag="550" ind1=" " ind2=" "><subfield code="w">g</subfield><subfield code="a">Tiriti o Waitangi</subfield></datafield><datafield tag="680" ind1=" " ind2=" "><subfield code="i">Whakamārama: Ka āhei te tangata kia whakamārama ai, ā, kia tū tōtika ai i roto i ngā ao e rua e tino rerekē ana.</subfield></datafield><datafield tag="680" ind1=" " ind2=" "><subfield code="i">Scope Note: The ability to understand and function effectively in two distinct cultural paradigms or environments.</subfield></datafield></record>