<record><leader>00000nz  a2200000n  4500</leader><controlfield tag="001">4102</controlfield><controlfield tag="003">NzReo</controlfield><controlfield tag="008">130110 n anznnbab|          || ana      </controlfield><datafield tag="040" ind1=" " ind2=" "><subfield code="a">Nz</subfield><subfield code="c">Nz</subfield><subfield code="f">reo</subfield></datafield><datafield tag="150" ind1=" " ind2=" "><subfield code="a">Tikanga tangata</subfield></datafield><datafield tag="450" ind1=" " ind2=" "><subfield code="a">Human rights</subfield></datafield><datafield tag="450" ind1=" " ind2=" "><subfield code="a">Rights, Human</subfield></datafield><datafield tag="550" ind1=" " ind2=" "><subfield code="w">g</subfield><subfield code="a">Ture</subfield></datafield><datafield tag="680" ind1=" " ind2=" "><subfield code="i">Whakamārama: Ngā tika, ngā mana o te tangata.</subfield></datafield></record>