<record><leader>00000nz  a2200000n  4500</leader><controlfield tag="001">4641</controlfield><controlfield tag="003">NzReo</controlfield><controlfield tag="008">150909 n anznnbab|          || ana      </controlfield><datafield tag="040" ind1=" " ind2=" "><subfield code="a">Nz</subfield><subfield code="c">Nz</subfield><subfield code="f">reo</subfield></datafield><datafield tag="150" ind1=" " ind2=" "><subfield code="a">Tinihanga</subfield></datafield><datafield tag="450" ind1=" " ind2=" "><subfield code="a">Conjuring tricks</subfield></datafield><datafield tag="450" ind1=" " ind2=" "><subfield code="a">Hoaxes</subfield></datafield><datafield tag="450" ind1=" " ind2=" "><subfield code="a">Magic tricks</subfield></datafield><datafield tag="450" ind1=" " ind2=" "><subfield code="a">Skulduggery</subfield></datafield><datafield tag="450" ind1=" " ind2=" "><subfield code="a">Trickery</subfield></datafield><datafield tag="450" ind1=" " ind2=" "><subfield code="a">Tricks, Conjuring</subfield></datafield><datafield tag="450" ind1=" " ind2=" "><subfield code="a">Tricks, Magic</subfield></datafield><datafield tag="550" ind1=" " ind2=" "><subfield code="w">g</subfield><subfield code="a">Whanonga</subfield></datafield></record>