<record><leader>00000nz  a2200000n  4500</leader><controlfield tag="001">711</controlfield><controlfield tag="003">NzReo</controlfield><controlfield tag="008">050719 n anznnbab|          || ana      </controlfield><datafield tag="040" ind1=" " ind2=" "><subfield code="a">Nz</subfield><subfield code="c">Nz</subfield><subfield code="f">reo</subfield></datafield><datafield tag="150" ind1=" " ind2=" "><subfield code="a">Tino rangatiratanga</subfield></datafield><datafield tag="450" ind1=" " ind2=" "><subfield code="a">Chieftaincy, Paramount</subfield></datafield><datafield tag="450" ind1=" " ind2=" "><subfield code="a">Māori sovereignty</subfield></datafield><datafield tag="450" ind1=" " ind2=" "><subfield code="a">Paramount chieftaincy</subfield></datafield><datafield tag="450" ind1=" " ind2=" "><subfield code="a">Sovereignty, Māori</subfield></datafield><datafield tag="550" ind1=" " ind2=" "><subfield code="a">Kerēme (Tiriti o Waitangi)</subfield></datafield><datafield tag="550" ind1=" " ind2=" "><subfield code="a">Kōtahitanga</subfield></datafield><datafield tag="550" ind1=" " ind2=" "><subfield code="a">Rangatiratanga</subfield></datafield><datafield tag="550" ind1=" " ind2=" "><subfield code="w">g</subfield><subfield code="a">Tōrangapū</subfield></datafield><datafield tag="550" ind1=" " ind2=" "><subfield code="w">h</subfield><subfield code="a">Whakapakari ā-iwi</subfield></datafield><datafield tag="680" ind1=" " ind2=" "><subfield code="i">Whakamārama: He rerenga kōrero i kapohia atu i te pukapuka o te tau 1835.'He wakaputanga o te Rangatiratanga o Nu Tireni' mo 'ngā tino Rangatira kia mau te mana o tēnei whenua ki a rātou'. Ka ara ake ano o Te Tiriti o Waitangi. Taka rawa mai ki te tekau tau mai i 1990, kua huaina hei whakaata i te mana Māori Motuhake hei whakahaere i te iwi, hāunga ake te kāwanatanga.</subfield></datafield><datafield tag="680" ind1=" " ind2=" "><subfield code="i">Scope Note: Traditional usage: paramount chieftaincy. Contemporary usage: the autonomy of Māori to determine their own affairs, independent of government.</subfield></datafield></record>