<record><leader>00000nz  a2200000n  4500</leader><controlfield tag="001">1370</controlfield><controlfield tag="003">NzReo</controlfield><controlfield tag="008">060511 n anznnbab|          || ana      </controlfield><datafield tag="040" ind1=" " ind2=" "><subfield code="a">Nz</subfield><subfield code="c">Nz</subfield><subfield code="f">reo</subfield></datafield><datafield tag="150" ind1=" " ind2=" "><subfield code="a">Tirairaka</subfield></datafield><datafield tag="450" ind1=" " ind2=" "><subfield code="a">Pīwakawaka</subfield></datafield><datafield tag="450" ind1=" " ind2=" "><subfield code="a">Fantails</subfield></datafield><datafield tag="550" ind1=" " ind2=" "><subfield code="w">g</subfield><subfield code="a">Manu ngahere</subfield></datafield><datafield tag="680" ind1=" " ind2=" "><subfield code="i">Whakamārama: He manu itiiti, kei ngā wāhi katoa. He kōkirikiri, he kōtiutiu te rere, he kaikai ngārara. He pango te tinana, ko te remu he kōheuheu te hanga, he tauhokohoko he mā he pango.</subfield></datafield><datafield tag="680" ind1=" " ind2=" "><subfield code="i">Scope Note: A common darting bird which feeds on insects. It is easily identified by its white and black fan shaped tail. Rhipidura fuliginosa.</subfield></datafield></record>