<record><leader>00000nz  a2200000n  4500</leader><controlfield tag="001">701</controlfield><controlfield tag="003">NzReo</controlfield><controlfield tag="008">050719 n anznnbab|          || ana      </controlfield><datafield tag="040" ind1=" " ind2=" "><subfield code="a">Nz</subfield><subfield code="c">Nz</subfield><subfield code="f">reo</subfield></datafield><datafield tag="150" ind1=" " ind2=" "><subfield code="a">Tiriti o Waitangi</subfield></datafield><datafield tag="450" ind1=" " ind2=" "><subfield code="a">Treaty of Waitangi</subfield></datafield><datafield tag="550" ind1=" " ind2=" "><subfield code="a">Mana whenua</subfield></datafield><datafield tag="550" ind1=" " ind2=" "><subfield code="a">Mema Pāremata</subfield></datafield><datafield tag="550" ind1=" " ind2=" "><subfield code="a">Pāremata</subfield></datafield><datafield tag="550" ind1=" " ind2=" "><subfield code="a">Taiapure</subfield></datafield><datafield tag="550" ind1=" " ind2=" "><subfield code="a">Whenua raupatu</subfield></datafield><datafield tag="550" ind1=" " ind2=" "><subfield code="a">Whenua tautohetohe</subfield></datafield><datafield tag="550" ind1=" " ind2=" "><subfield code="w">g</subfield><subfield code="a">Kāwanatanga</subfield></datafield><datafield tag="550" ind1=" " ind2=" "><subfield code="w">h</subfield><subfield code="a">Kerēme (Tiriti o Waitangi)</subfield></datafield><datafield tag="550" ind1=" " ind2=" "><subfield code="w">h</subfield><subfield code="a">Tikanga rua</subfield></datafield></record>