<record><leader>00000nz  a2200000n  4500</leader><controlfield tag="001">1435</controlfield><controlfield tag="003">NzReo</controlfield><controlfield tag="008">060511 n anznnbab|          || ana      </controlfield><datafield tag="040" ind1=" " ind2=" "><subfield code="a">Nz</subfield><subfield code="c">Nz</subfield><subfield code="f">reo</subfield></datafield><datafield tag="150" ind1=" " ind2=" "><subfield code="a">Tītī</subfield></datafield><datafield tag="450" ind1=" " ind2=" "><subfield code="a">Muttonbirds, South Island</subfield></datafield><datafield tag="450" ind1=" " ind2=" "><subfield code="a">South Island muttonbirds</subfield></datafield><datafield tag="550" ind1=" " ind2=" "><subfield code="w">g</subfield><subfield code="a">Manu moana</subfield></datafield><datafield tag="680" ind1=" " ind2=" "><subfield code="i">Whakamārama: He manu moana pērā i te ōi, he hāurahina. Whakaritea ai te wā mō te nanao tītī hei huahua, hei tuku rānei ki te wai kurutai.</subfield></datafield><datafield tag="680" ind1=" " ind2=" "><subfield code="i">Scope Note: Tītī is the South Island muttonbird. It is a brown grey shearwater resembling ōi/North Island muttonbird. Puffinus griseus.</subfield></datafield></record>