<record><leader>00000nz  a2200000n  4500</leader><controlfield tag="001">3047</controlfield><controlfield tag="003">NzReo</controlfield><controlfield tag="008">100427 n anznnbab|          || ana      </controlfield><datafield tag="040" ind1=" " ind2=" "><subfield code="a">Nz</subfield><subfield code="c">Nz</subfield><subfield code="f">reo</subfield></datafield><datafield tag="150" ind1=" " ind2=" "><subfield code="a">Tītī tōrea</subfield></datafield><datafield tag="450" ind1=" " ind2=" "><subfield code="a">Games, Stick</subfield></datafield><datafield tag="450" ind1=" " ind2=" "><subfield code="a">Stick games</subfield></datafield><datafield tag="550" ind1=" " ind2=" "><subfield code="a">Tī rākau</subfield></datafield><datafield tag="550" ind1=" " ind2=" "><subfield code="w">g</subfield><subfield code="a">Whakaraka</subfield></datafield><datafield tag="680" ind1=" " ind2=" "><subfield code="i">Whakamārama: E rua ngā rākau, āhua 30cm te roa hei kīnaki mo te waiata, hei mahi whakapakari i te tinana, hei takaro hoki. I te nuinga o te wā, tokorua ngā kaitākaro e pūrei ana ki tēnei mahi.</subfield></datafield><datafield tag="680" ind1=" " ind2=" "><subfield code="i">Scope Note: Stick games, usually played in pairs, using short sticks (approx. 30cm). See also Tī rākau using medium length sticks.</subfield></datafield></record>