<record><leader>00000nz  a2200000n  4500</leader><controlfield tag="001">1438</controlfield><controlfield tag="003">NzReo</controlfield><controlfield tag="008">060511 n anznnbab|          || ana      </controlfield><datafield tag="040" ind1=" " ind2=" "><subfield code="a">Nz</subfield><subfield code="c">Nz</subfield><subfield code="f">reo</subfield></datafield><datafield tag="150" ind1=" " ind2=" "><subfield code="a">Tītī wainui</subfield></datafield><datafield tag="450" ind1=" " ind2=" "><subfield code="a">Tītīwainui</subfield></datafield><datafield tag="450" ind1=" " ind2=" "><subfield code="a">Fairy prions</subfield></datafield><datafield tag="450" ind1=" " ind2=" "><subfield code="a">Prions, Fairy</subfield></datafield><datafield tag="550" ind1=" " ind2=" "><subfield code="w">g</subfield><subfield code="a">Manu moana</subfield></datafield><datafield tag="680" ind1=" " ind2=" "><subfield code="i">Whakamārama: He manu itiiti nō te moana. He rite ki te pararā, engari pango noa ake te kurutou. He maha ngā momo o tēnei manu.</subfield></datafield><datafield tag="680" ind1=" " ind2=" "><subfield code="i">Scope Note: A small seabird like the pararā/broad-billed prion but with more black on the tail. There are several races of this bird. Pachyptila turtur.</subfield></datafield></record>