<record><leader>00000nz  a2200000n  4500</leader><controlfield tag="001">1373</controlfield><controlfield tag="003">NzReo</controlfield><controlfield tag="008">060511 n anznnbab|          || ana      </controlfield><datafield tag="040" ind1=" " ind2=" "><subfield code="a">Nz</subfield><subfield code="c">Nz</subfield><subfield code="f">reo</subfield></datafield><datafield tag="150" ind1=" " ind2=" "><subfield code="a">Tititipounamu</subfield></datafield><datafield tag="450" ind1=" " ind2=" "><subfield code="a">Riflemen (Birds)</subfield></datafield><datafield tag="550" ind1=" " ind2=" "><subfield code="w">g</subfield><subfield code="a">Manu ngahere</subfield></datafield><datafield tag="680" ind1=" " ind2=" "><subfield code="i">Whakamārama: He manu itiiti nō te ngahere, he rite ki te mātuhituhi engari ko te uma he mā. Ko te tipuaki me te tuarā o te tame he kāriki. Ko te uwha he hāura kōtiwhatiwha.</subfield></datafield><datafield tag="680" ind1=" " ind2=" "><subfield code="i">Scope Note: A very small wren of the forest, resembling the mātuhituhi/bush wren but with a white breast. The male is green on the cap and back, the female brownish. Acanthisitta chloris.</subfield></datafield></record>