<record><leader>00000nz  a2200000n  4500</leader><controlfield tag="001">1980</controlfield><controlfield tag="003">NzReo</controlfield><controlfield tag="008">060524 n anznnbab|          || ana      </controlfield><datafield tag="040" ind1=" " ind2=" "><subfield code="a">Nz</subfield><subfield code="c">Nz</subfield><subfield code="f">reo</subfield></datafield><datafield tag="150" ind1=" " ind2=" "><subfield code="a">Tītoki</subfield></datafield><datafield tag="450" ind1=" " ind2=" "><subfield code="a">Tītongi</subfield></datafield><datafield tag="550" ind1=" " ind2=" "><subfield code="w">g</subfield><subfield code="a">Rākau whakaruruhau</subfield></datafield><datafield tag="680" ind1=" " ind2=" "><subfield code="i">Whakamārama: He rākau nō te ngahere. He tāwhera ngā rau. Ko ngā hua he wherowhero. Ko te karihi he pango, i ōna rā ka taona, ka whakawiria kia taea te hinu.</subfield></datafield><datafield tag="680" ind1=" " ind2=" "><subfield code="i">Scope Note: A tree with compound leaves, most notable for the fruit which is a black seed, within a red fleshy covering, in a brown cup. Oil was extracted from the seeds. Alectryon excelsum.</subfield></datafield></record>