<record><leader>00000nz  a2200000n  4500</leader><controlfield tag="001">4129</controlfield><controlfield tag="003">NzReo</controlfield><controlfield tag="008">130110 n anznnbab|          || ana      </controlfield><datafield tag="040" ind1=" " ind2=" "><subfield code="a">Nz</subfield><subfield code="c">Nz</subfield><subfield code="f">reo</subfield></datafield><datafield tag="150" ind1=" " ind2=" "><subfield code="a">Toa</subfield></datafield><datafield tag="450" ind1=" " ind2=" "><subfield code="a">Achievers</subfield></datafield><datafield tag="450" ind1=" " ind2=" "><subfield code="a">Business people</subfield></datafield><datafield tag="450" ind1=" " ind2=" "><subfield code="a">Entrepreneurs</subfield></datafield><datafield tag="450" ind1=" " ind2=" "><subfield code="a">Sports people</subfield></datafield><datafield tag="450" ind1=" " ind2=" "><subfield code="a">Sports players (Achievers)</subfield></datafield><datafield tag="450" ind1=" " ind2=" "><subfield code="a">Warriors</subfield></datafield><datafield tag="550" ind1=" " ind2=" "><subfield code="a">Rūaumoko</subfield></datafield><datafield tag="550" ind1=" " ind2=" "><subfield code="a">Tūmatauenga</subfield></datafield><datafield tag="550" ind1=" " ind2=" "><subfield code="w">g</subfield><subfield code="a">Tāngata</subfield></datafield><datafield tag="550" ind1=" " ind2=" "><subfield code="w">h</subfield><subfield code="a">Hōia</subfield></datafield><datafield tag="680" ind1=" " ind2=" "><subfield code="i">Scope Note: Includes sports people, people who overcome, people at the top of their fields.</subfield></datafield></record>