<record><leader>00000nz  a2200000n  4500</leader><controlfield tag="001">428</controlfield><controlfield tag="003">NzReo</controlfield><controlfield tag="008">050506 n anznnbab|          || ana      </controlfield><datafield tag="040" ind1=" " ind2=" "><subfield code="a">Nz</subfield><subfield code="c">Nz</subfield><subfield code="f">reo</subfield></datafield><datafield tag="150" ind1=" " ind2=" "><subfield code="a">Tōanga waka</subfield></datafield><datafield tag="450" ind1=" " ind2=" "><subfield code="a">Canoe portages</subfield></datafield><datafield tag="450" ind1=" " ind2=" "><subfield code="a">Portages, Canoe</subfield></datafield><datafield tag="550" ind1=" " ind2=" "><subfield code="w">g</subfield><subfield code="a">Waka</subfield></datafield><datafield tag="550" ind1=" " ind2=" "><subfield code="w">h</subfield><subfield code="a">Neke</subfield></datafield><datafield tag="680" ind1=" " ind2=" "><subfield code="i">Whakamārama: Ko te wāhi tō i ngā waka i te whenua. He motumotu tōroa te kaupapa.</subfield></datafield><datafield tag="680" ind1=" " ind2=" "><subfield code="i">Scope Note: Places where waka/canoes were dragged overland, portages.</subfield></datafield></record>