<record><leader>00000nz  a2200000n  4500</leader><controlfield tag="001">1803</controlfield><controlfield tag="003">NzReo</controlfield><controlfield tag="008">060524 n anznnbab|          || ana      </controlfield><datafield tag="040" ind1=" " ind2=" "><subfield code="a">Nz</subfield><subfield code="c">Nz</subfield><subfield code="f">reo</subfield></datafield><datafield tag="150" ind1=" " ind2=" "><subfield code="a">Toetoe</subfield></datafield><datafield tag="550" ind1=" " ind2=" "><subfield code="a">Harakeke</subfield></datafield><datafield tag="550" ind1=" " ind2=" "><subfield code="a">Kahakaha</subfield></datafield><datafield tag="550" ind1=" " ind2=" "><subfield code="a">Kōwharawhara</subfield></datafield><datafield tag="550" ind1=" " ind2=" "><subfield code="a">Kuta</subfield></datafield><datafield tag="550" ind1=" " ind2=" "><subfield code="a">Māika</subfield></datafield><datafield tag="550" ind1=" " ind2=" "><subfield code="a">Oioi</subfield></datafield><datafield tag="550" ind1=" " ind2=" "><subfield code="a">Pātītī</subfield></datafield><datafield tag="550" ind1=" " ind2=" "><subfield code="a">Pīngao</subfield></datafield><datafield tag="550" ind1=" " ind2=" "><subfield code="a">Raupō</subfield></datafield><datafield tag="550" ind1=" " ind2=" "><subfield code="a">Raupō taranga</subfield></datafield><datafield tag="550" ind1=" " ind2=" "><subfield code="a">Taro</subfield></datafield><datafield tag="550" ind1=" " ind2=" "><subfield code="a">Tī koraha</subfield></datafield><datafield tag="550" ind1=" " ind2=" "><subfield code="w">g</subfield><subfield code="a">Whara</subfield></datafield><datafield tag="550" ind1=" " ind2=" "><subfield code="w">h</subfield><subfield code="a">Haumata</subfield></datafield><datafield tag="550" ind1=" " ind2=" "><subfield code="w">h</subfield><subfield code="a">Māpere</subfield></datafield><datafield tag="550" ind1=" " ind2=" "><subfield code="w">h</subfield><subfield code="a">Toetoe hūnangāmoho</subfield></datafield><datafield tag="550" ind1=" " ind2=" "><subfield code="w">h</subfield><subfield code="a">Toetoe kiwi</subfield></datafield><datafield tag="550" ind1=" " ind2=" "><subfield code="w">h</subfield><subfield code="a">Toetoe rara ngārara</subfield></datafield><datafield tag="550" ind1=" " ind2=" "><subfield code="w">h</subfield><subfield code="a">Toetoe rautahi</subfield></datafield><datafield tag="550" ind1=" " ind2=" "><subfield code="w">h</subfield><subfield code="a">Toetoe ūpokotangata</subfield></datafield><datafield tag="550" ind1=" " ind2=" "><subfield code="w">h</subfield><subfield code="a">Tupari maunga</subfield></datafield><datafield tag="680" ind1=" " ind2=" "><subfield code="i">Whakamārama: Ko ngā momo toetoe, whara rānei. He kōroaroa ngā rau, he kokoi ngā tapa.</subfield></datafield><datafield tag="680" ind1=" " ind2=" "><subfield code="i">Scope Note: A general term for large tussock-like grasses and sedges, especially those with sharp edges to the leaves.</subfield></datafield></record>