<record><leader>00000nz  a2200000n  4500</leader><controlfield tag="001">1841</controlfield><controlfield tag="003">NzReo</controlfield><controlfield tag="008">060524 n anznnbab|          || ana      </controlfield><datafield tag="040" ind1=" " ind2=" "><subfield code="a">Nz</subfield><subfield code="c">Nz</subfield><subfield code="f">reo</subfield></datafield><datafield tag="150" ind1=" " ind2=" "><subfield code="a">Toetoe hūnangāmoho</subfield></datafield><datafield tag="450" ind1=" " ind2=" "><subfield code="a">Hūnangāmoho</subfield></datafield><datafield tag="450" ind1=" " ind2=" "><subfield code="a">Broadleaved bush tussocks</subfield></datafield><datafield tag="450" ind1=" " ind2=" "><subfield code="a">Tussocks, Broadleaved bush</subfield></datafield><datafield tag="550" ind1=" " ind2=" "><subfield code="w">g</subfield><subfield code="a">Toetoe</subfield></datafield><datafield tag="550" ind1=" " ind2=" "><subfield code="w">h</subfield><subfield code="a">Kākaho</subfield></datafield><datafield tag="680" ind1=" " ind2=" "><subfield code="i">Whakamārama: He toetoe rahi, he pā te tupu. Hei te timatanga o te raumati takotako te tū o te tātā pūhui.</subfield></datafield><datafield tag="680" ind1=" " ind2=" "><subfield code="i">Scope Note: A large tussock grass forming a clump with erect loose flower heads in early summer. Chionochloa conspicua subsp. cunninghamii.</subfield></datafield></record>