<record><leader>00000nz  a2200000n  4500</leader><controlfield tag="001">1842</controlfield><controlfield tag="003">NzReo</controlfield><controlfield tag="008">060524 n anznnbab|          || ana      </controlfield><datafield tag="040" ind1=" " ind2=" "><subfield code="a">Nz</subfield><subfield code="c">Nz</subfield><subfield code="f">reo</subfield></datafield><datafield tag="150" ind1=" " ind2=" "><subfield code="a">Toetoe kiwi</subfield></datafield><datafield tag="450" ind1=" " ind2=" "><subfield code="a">Toetoe mātā</subfield></datafield><datafield tag="450" ind1=" " ind2=" "><subfield code="a">Toetoe ngaungau</subfield></datafield><datafield tag="450" ind1=" " ind2=" "><subfield code="a">Cutty grasses</subfield></datafield><datafield tag="450" ind1=" " ind2=" "><subfield code="a">Grasses, Cutty</subfield></datafield><datafield tag="550" ind1=" " ind2=" "><subfield code="w">g</subfield><subfield code="a">Toetoe</subfield></datafield><datafield tag="680" ind1=" " ind2=" "><subfield code="i">Whakamārama: Ko te momo toetoe, rite ki te māpere. Ko ngā pūhui he roroa, he pango, he pūhuruhuru. He ura ngā pata.</subfield></datafield><datafield tag="680" ind1=" " ind2=" "><subfield code="i">Scope Note: A sedge with long, loose, black, hairy flowerheads. The nuts are red brown. Gahnia lacera.</subfield></datafield></record>