<record><leader>00000nz  a2200000n  4500</leader><controlfield tag="001">1844</controlfield><controlfield tag="003">NzReo</controlfield><controlfield tag="008">060524 n anznnbab|          || ana      </controlfield><datafield tag="040" ind1=" " ind2=" "><subfield code="a">Nz</subfield><subfield code="c">Nz</subfield><subfield code="f">reo</subfield></datafield><datafield tag="150" ind1=" " ind2=" "><subfield code="a">Toetoe rara ngārara</subfield></datafield><datafield tag="450" ind1=" " ind2=" "><subfield code="a">Tākahikahi</subfield></datafield><datafield tag="450" ind1=" " ind2=" "><subfield code="a">Toetoe tarangārara</subfield></datafield><datafield tag="550" ind1=" " ind2=" "><subfield code="w">g</subfield><subfield code="a">Toetoe</subfield></datafield><datafield tag="680" ind1=" " ind2=" "><subfield code="i">Whakamārama: Ko ngā momo toetoe rarahi o te ngahere. He ratarata ngā tapa o ngā rau.</subfield></datafield><datafield tag="680" ind1=" " ind2=" "><subfield code="i">Scope Note: A general term for large cutty-grass type sedges with cutting edges to the leaves. They are common in forests. Gahnia spp.</subfield></datafield></record>