<record><leader>00000nz  a2200000n  4500</leader><controlfield tag="001">1843</controlfield><controlfield tag="003">NzReo</controlfield><controlfield tag="008">060524 n anznnbab|          || ana      </controlfield><datafield tag="040" ind1=" " ind2=" "><subfield code="a">Nz</subfield><subfield code="c">Nz</subfield><subfield code="f">reo</subfield></datafield><datafield tag="150" ind1=" " ind2=" "><subfield code="a">Toetoe rautahi</subfield></datafield><datafield tag="450" ind1=" " ind2=" "><subfield code="a">Rautahi</subfield></datafield><datafield tag="550" ind1=" " ind2=" "><subfield code="w">g</subfield><subfield code="a">Toetoe</subfield></datafield><datafield tag="680" ind1=" " ind2=" "><subfield code="i">Whakamārama: He momo toetoe, he wekuweku te tupu, he kaitara ngā rau. Kei ngā repo, kei ngā wāhi mākū e tupu ana.</subfield></datafield><datafield tag="680" ind1=" " ind2=" "><subfield code="i">Scope Note: A coarse leaved tufted sedge found in wet places. It is a troublesome pasture weed. Carex coriacea.</subfield></datafield></record>