<record><leader>00000nz  a2200000n  4500</leader><controlfield tag="001">1845</controlfield><controlfield tag="003">NzReo</controlfield><controlfield tag="008">060524 n anznnbab|          || ana      </controlfield><datafield tag="040" ind1=" " ind2=" "><subfield code="a">Nz</subfield><subfield code="c">Nz</subfield><subfield code="f">reo</subfield></datafield><datafield tag="150" ind1=" " ind2=" "><subfield code="a">Toetoe ūpokotangata</subfield></datafield><datafield tag="450" ind1=" " ind2=" "><subfield code="a">Toetoe pākau</subfield></datafield><datafield tag="450" ind1=" " ind2=" "><subfield code="a">Toetoe whatuimenu</subfield></datafield><datafield tag="450" ind1=" " ind2=" "><subfield code="a">Giant umbrella sedges</subfield></datafield><datafield tag="450" ind1=" " ind2=" "><subfield code="a">Sedges, Giant umbrella</subfield></datafield><datafield tag="550" ind1=" " ind2=" "><subfield code="w">g</subfield><subfield code="a">Toetoe</subfield></datafield><datafield tag="680" ind1=" " ind2=" "><subfield code="i">Whakamārama: He momo toetoe, kei te repo e tupu ana. Kia pakari, kua rīraparapa te tātā, hei kāhiwi poto noa nei.</subfield></datafield><datafield tag="680" ind1=" " ind2=" "><subfield code="i">Scope Note: A sedge with a long, loose flowerhead of small spikelets. It grows in swamps and often forms a short trunk made of matted roots and old leaves.</subfield></datafield></record>