<record><leader>00000nz  a2200000n  4500</leader><controlfield tag="001">2455</controlfield><controlfield tag="003">NzReo</controlfield><controlfield tag="008">060531 n anznnbab|          || ana      </controlfield><datafield tag="040" ind1=" " ind2=" "><subfield code="a">Nz</subfield><subfield code="c">Nz</subfield><subfield code="f">reo</subfield></datafield><datafield tag="150" ind1=" " ind2=" "><subfield code="a">Toheroa</subfield></datafield><datafield tag="550" ind1=" " ind2=" "><subfield code="w">g</subfield><subfield code="a">Ngā uri o Tangaroa</subfield></datafield><datafield tag="680" ind1=" " ind2=" "><subfield code="i">Whakamārama: He momo pipi, rarahi noa atu i te tuatua. He moeone i ngā onepū hōhonu. He tino kai, e rāhuitia ana. E toru noa ōna kāinga, kei Te Ara-a-Kiwa, kei te uru o Te Tai Tokerau, kei Horowhenua.</subfield></datafield><datafield tag="680" ind1=" " ind2=" "><subfield code="i">Scope Note: A large bivalve resembling the tuatua, living deeply buried in beach sands. It is a protected delicacy but is found only in Foveaux Strait, the Waikanae coast and on the west coast of Te Tai Tokerau. Paphies ventricosa.</subfield></datafield></record>