<record><leader>00000nz  a2200000n  4500</leader><controlfield tag="001">3399</controlfield><controlfield tag="003">NzReo</controlfield><controlfield tag="008">101221 n anznnbab|          || ana      </controlfield><datafield tag="040" ind1=" " ind2=" "><subfield code="a">Nz</subfield><subfield code="c">Nz</subfield><subfield code="f">reo</subfield></datafield><datafield tag="150" ind1=" " ind2=" "><subfield code="a">Tohi mātaitai</subfield></datafield><datafield tag="450" ind1=" " ind2=" "><subfield code="a">Gathering shellfish</subfield></datafield><datafield tag="450" ind1=" " ind2=" "><subfield code="a">Shellfish gathering</subfield></datafield><datafield tag="550" ind1=" " ind2=" "><subfield code="a">Kākahi</subfield></datafield><datafield tag="550" ind1=" " ind2=" "><subfield code="w">g</subfield><subfield code="a">Mahinga ika tūturu</subfield></datafield><datafield tag="680" ind1=" " ind2=" "><subfield code="i">Whakamārama: Ngā tini a Tangaroa ka kohia hei kai mā te tangata. Ki ētahi, ka whāiti mai te kupu nei ki ngā hanga piri toka, noho onepū, kāore e uru mai ngā ika tere i te moana nui tonu.</subfield></datafield><datafield tag="680" ind1=" " ind2=" "><subfield code="i">Scope Note: The multitudes of Tangaroa (foodstuffs) gathered by people to eat. To some, this word relates to shellfish found on rocks, in the sand, or marine life found inshore.</subfield></datafield></record>