<record><leader>00000nz  a2200000n  4500</leader><controlfield tag="001">84</controlfield><controlfield tag="003">NzReo</controlfield><controlfield tag="008">060526 n anznnbab|          || ana      </controlfield><datafield tag="040" ind1=" " ind2=" "><subfield code="a">Nz</subfield><subfield code="c">Nz</subfield><subfield code="f">reo</subfield></datafield><datafield tag="150" ind1=" " ind2=" "><subfield code="a">Tohorā</subfield></datafield><datafield tag="450" ind1=" " ind2=" "><subfield code="a">Sperm whales</subfield></datafield><datafield tag="450" ind1=" " ind2=" "><subfield code="a">Whales, Sperm</subfield></datafield><datafield tag="550" ind1=" " ind2=" "><subfield code="w">g</subfield><subfield code="a">Wēra</subfield></datafield></record>