<record><leader>00000nz  a2200000n  4500</leader><controlfield tag="001">3463</controlfield><controlfield tag="003">NzReo</controlfield><controlfield tag="008">101221 n anznnbab|          || ana      </controlfield><datafield tag="040" ind1=" " ind2=" "><subfield code="a">Nz</subfield><subfield code="c">Nz</subfield><subfield code="f">reo</subfield></datafield><datafield tag="150" ind1=" " ind2=" "><subfield code="a">Tohu</subfield></datafield><datafield tag="450" ind1=" " ind2=" "><subfield code="a">Paraihe</subfield></datafield><datafield tag="450" ind1=" " ind2=" "><subfield code="a">Awards</subfield></datafield><datafield tag="450" ind1=" " ind2=" "><subfield code="a">Certifications (Awards)</subfield></datafield><datafield tag="450" ind1=" " ind2=" "><subfield code="a">Emblems</subfield></datafield><datafield tag="450" ind1=" " ind2=" "><subfield code="a">Guidance, Spiritual</subfield></datafield><datafield tag="450" ind1=" " ind2=" "><subfield code="a">Headstones</subfield></datafield><datafield tag="450" ind1=" " ind2=" "><subfield code="a">Insignia</subfield></datafield><datafield tag="450" ind1=" " ind2=" "><subfield code="a">Medals</subfield></datafield><datafield tag="450" ind1=" " ind2=" "><subfield code="a">Omens</subfield></datafield><datafield tag="450" ind1=" " ind2=" "><subfield code="a">Spiritual guidance</subfield></datafield><datafield tag="450" ind1=" " ind2=" "><subfield code="a">Titles (Awards)</subfield></datafield><datafield tag="550" ind1=" " ind2=" "><subfield code="w">g</subfield><subfield code="a">Mana tangata</subfield></datafield><datafield tag="550" ind1=" " ind2=" "><subfield code="w">h</subfield><subfield code="a">Tohu mātauranga</subfield></datafield><datafield tag="680" ind1=" " ind2=" "><subfield code="i">Whakamārama: He mea kitea, hei whakamana.</subfield></datafield><datafield tag="680" ind1=" " ind2=" "><subfield code="i">Scope Note: Signs, symbols, acknowledgements, and omens.</subfield></datafield></record>