<record><leader>00000nz  a2200000n  4500</leader><controlfield tag="001">2305</controlfield><controlfield tag="003">NzReo</controlfield><controlfield tag="008">060531 n anznnbab|          || ana      </controlfield><datafield tag="040" ind1=" " ind2=" "><subfield code="a">Nz</subfield><subfield code="c">Nz</subfield><subfield code="f">reo</subfield></datafield><datafield tag="150" ind1=" " ind2=" "><subfield code="a">Tohunga kēhua</subfield></datafield><datafield tag="450" ind1=" " ind2=" "><subfield code="a">Exorcists</subfield></datafield><datafield tag="550" ind1=" " ind2=" "><subfield code="a">Hauora wairua</subfield></datafield><datafield tag="550" ind1=" " ind2=" "><subfield code="w">g</subfield><subfield code="a">Tohunga</subfield></datafield><datafield tag="680" ind1=" " ind2=" "><subfield code="i">Whakamārama: He tohunga e mātatau ana ki ngā mahi tuku kēhua.</subfield></datafield><datafield tag="680" ind1=" " ind2=" "><subfield code="i">Scope Note: An expert priest who has the ability to exorcise spirits from the living world to the spirit world.</subfield></datafield></record>