<record><leader>00000nz  a2200000n  4500</leader><controlfield tag="001">2293</controlfield><controlfield tag="003">NzReo</controlfield><controlfield tag="008">060531 n anznnbab|          || ana      </controlfield><datafield tag="040" ind1=" " ind2=" "><subfield code="a">Nz</subfield><subfield code="c">Nz</subfield><subfield code="f">reo</subfield></datafield><datafield tag="150" ind1=" " ind2=" "><subfield code="a">Tohunga matakite</subfield></datafield><datafield tag="450" ind1=" " ind2=" "><subfield code="a">Poropito Māori</subfield></datafield><datafield tag="450" ind1=" " ind2=" "><subfield code="a">Tohunga matatuhi</subfield></datafield><datafield tag="450" ind1=" " ind2=" "><subfield code="a">Māori prophets</subfield></datafield><datafield tag="450" ind1=" " ind2=" "><subfield code="a">Prophets, Māori</subfield></datafield><datafield tag="550" ind1=" " ind2=" "><subfield code="w">g</subfield><subfield code="a">Tohunga</subfield></datafield><datafield tag="550" ind1=" " ind2=" "><subfield code="w">h</subfield><subfield code="a">Kupu whakaari</subfield></datafield><datafield tag="680" ind1=" " ind2=" "><subfield code="i">Whakamārama: Ko ngā tohunga e hōmai ana te māramatanga e te wāhi ngaro.</subfield></datafield><datafield tag="680" ind1=" " ind2=" "><subfield code="i">Scope Note: Priestly seers and skilled orators of prophecy. Commonly used to describe the Māori prophets of the 19th century e.g. Te Kooti, Papahurihia.</subfield></datafield></record>