<record><leader>00000nz  a2200000n  4500</leader><controlfield tag="001">2301</controlfield><controlfield tag="003">NzReo</controlfield><controlfield tag="008">060531 n anznnbab|          || ana      </controlfield><datafield tag="040" ind1=" " ind2=" "><subfield code="a">Nz</subfield><subfield code="c">Nz</subfield><subfield code="f">reo</subfield></datafield><datafield tag="150" ind1=" " ind2=" "><subfield code="a">Tohunga whakairo</subfield></datafield><datafield tag="450" ind1=" " ind2=" "><subfield code="a">Carvers, Master</subfield></datafield><datafield tag="450" ind1=" " ind2=" "><subfield code="a">Master carvers</subfield></datafield><datafield tag="550" ind1=" " ind2=" "><subfield code="a">Whakairo</subfield></datafield><datafield tag="550" ind1=" " ind2=" "><subfield code="w">g</subfield><subfield code="a">Hunga mahi toi</subfield></datafield><datafield tag="550" ind1=" " ind2=" "><subfield code="w">g</subfield><subfield code="a">Tohunga</subfield></datafield><datafield tag="680" ind1=" " ind2=" "><subfield code="i">Whakamārama: He tohunga mō ngā tikanga mahi whakairo.</subfield></datafield><datafield tag="680" ind1=" " ind2=" "><subfield code="i">Scope Note: An expert carver in the art of traditional carving.</subfield></datafield></record>