<record><leader>00000nz  a2200000n  4500</leader><controlfield tag="001">4391</controlfield><controlfield tag="003">NzReo</controlfield><controlfield tag="008">140904 n anznnbab|          || ana      </controlfield><datafield tag="040" ind1=" " ind2=" "><subfield code="a">Nz</subfield><subfield code="c">Nz</subfield><subfield code="f">reo</subfield></datafield><datafield tag="150" ind1=" " ind2=" "><subfield code="a">Toi moko</subfield></datafield><datafield tag="450" ind1=" " ind2=" "><subfield code="a">Māhunga pakipaki</subfield></datafield><datafield tag="450" ind1=" " ind2=" "><subfield code="a">Mokamōkai</subfield></datafield><datafield tag="450" ind1=" " ind2=" "><subfield code="a">Moko mai</subfield></datafield><datafield tag="450" ind1=" " ind2=" "><subfield code="a">Mokomōkai</subfield></datafield><datafield tag="450" ind1=" " ind2=" "><subfield code="a">Ūpoko tuhi</subfield></datafield><datafield tag="450" ind1=" " ind2=" "><subfield code="a">Ūpoko whakairo</subfield></datafield><datafield tag="450" ind1=" " ind2=" "><subfield code="a">Ancestral Heads</subfield></datafield><datafield tag="450" ind1=" " ind2=" "><subfield code="a">Heads, Ancestral</subfield></datafield><datafield tag="450" ind1=" " ind2=" "><subfield code="a">Heads, Preserved</subfield></datafield><datafield tag="450" ind1=" " ind2=" "><subfield code="a">Preserved heads</subfield></datafield><datafield tag="550" ind1=" " ind2=" "><subfield code="a">Ritenga</subfield></datafield><datafield tag="550" ind1=" " ind2=" "><subfield code="a">Tā moko (Uhi)</subfield></datafield><datafield tag="550" ind1=" " ind2=" "><subfield code="a">Tāngata</subfield></datafield><datafield tag="550" ind1=" " ind2=" "><subfield code="w">g</subfield><subfield code="a">Pūtaiao</subfield></datafield><datafield tag="680" ind1=" " ind2=" "><subfield code="i">Scope Note: A tattoed, preserved head of Māori or Moriori. The terms Mokomōkai and Mokamōkai refer only to the heads of slaves, although many of the Toi moko were not slave heads.</subfield></datafield></record>