<record><leader>00000nz  a2200000n  4500</leader><controlfield tag="001">3040</controlfield><controlfield tag="003">NzReo</controlfield><controlfield tag="008">100427 n anznnbab|          || ana      </controlfield><datafield tag="040" ind1=" " ind2=" "><subfield code="a">Nz</subfield><subfield code="c">Nz</subfield><subfield code="f">reo</subfield></datafield><datafield tag="150" ind1=" " ind2=" "><subfield code="a">Toi whakaari</subfield></datafield><datafield tag="450" ind1=" " ind2=" "><subfield code="a">Acting (Performances)</subfield></datafield><datafield tag="450" ind1=" " ind2=" "><subfield code="a">Dance (Contemporary)</subfield></datafield><datafield tag="450" ind1=" " ind2=" "><subfield code="a">Drama (Contemporary)</subfield></datafield><datafield tag="450" ind1=" " ind2=" "><subfield code="a">Film (Performances)</subfield></datafield><datafield tag="450" ind1=" " ind2=" "><subfield code="a">Performances</subfield></datafield><datafield tag="450" ind1=" " ind2=" "><subfield code="a">Performing arts (Contemporary)</subfield></datafield><datafield tag="450" ind1=" " ind2=" "><subfield code="a">Radio (Performances)</subfield></datafield><datafield tag="450" ind1=" " ind2=" "><subfield code="a">Television (Performances)</subfield></datafield><datafield tag="450" ind1=" " ind2=" "><subfield code="a">Theatre (Contemporary)</subfield></datafield><datafield tag="550" ind1=" " ind2=" "><subfield code="a">Kiriata</subfield></datafield><datafield tag="550" ind1=" " ind2=" "><subfield code="a">Pouaka whakaata</subfield></datafield><datafield tag="550" ind1=" " ind2=" "><subfield code="a">Reo irirangi</subfield></datafield><datafield tag="550" ind1=" " ind2=" "><subfield code="w">g</subfield><subfield code="a">Waka toi</subfield></datafield><datafield tag="550" ind1=" " ind2=" "><subfield code="w">h</subfield><subfield code="a">Waiata</subfield></datafield><datafield tag="680" ind1=" " ind2=" "><subfield code="i">Scope Note: Contemporary Māori performing arts, including dance, drama and theatre performances. Includes performances on stage, radio, television and film. See the broader term Waka toi for all forms of contemporary Māori arts. See also: Reo irirangi (Radio), Pouaka whakaata (Television) and Kiriata (Film).</subfield></datafield></record>