<record><leader>00000nz  a2200000n  4500</leader><controlfield tag="001">2486</controlfield><controlfield tag="003">NzReo</controlfield><controlfield tag="008">060531 n anznnbab|          || ana      </controlfield><datafield tag="040" ind1=" " ind2=" "><subfield code="a">Nz</subfield><subfield code="c">Nz</subfield><subfield code="f">reo</subfield></datafield><datafield tag="150" ind1=" " ind2=" "><subfield code="a">Toka-ā-nuku</subfield></datafield><datafield tag="450" ind1=" " ind2=" "><subfield code="a">Tātai aro whenua</subfield></datafield><datafield tag="450" ind1=" " ind2=" "><subfield code="a">Geology</subfield></datafield><datafield tag="550" ind1=" " ind2=" "><subfield code="a">Hāereere ana</subfield></datafield><datafield tag="550" ind1=" " ind2=" "><subfield code="a">Kōhatu</subfield></datafield><datafield tag="550" ind1=" " ind2=" "><subfield code="w">g</subfield><subfield code="a">Pūtaiao</subfield></datafield><datafield tag="550" ind1=" " ind2=" "><subfield code="w">h</subfield><subfield code="a">Kohuke</subfield></datafield><datafield tag="680" ind1=" " ind2=" "><subfield code="i">Whakamārama: Te kitenga me ngā rangahau kōrero o te ao kōhatu.</subfield></datafield><datafield tag="680" ind1=" " ind2=" "><subfield code="i">Scope Note: The study of rocks.</subfield></datafield></record>