<record><leader>00000nz  a2200000n  4500</leader><controlfield tag="001">2604</controlfield><controlfield tag="003">NzReo</controlfield><controlfield tag="008">060607 n anznnbab|          || ana      </controlfield><datafield tag="040" ind1=" " ind2=" "><subfield code="a">Nz</subfield><subfield code="c">Nz</subfield><subfield code="f">reo</subfield></datafield><datafield tag="150" ind1=" " ind2=" "><subfield code="a">Toki</subfield></datafield><datafield tag="450" ind1=" " ind2=" "><subfield code="a">Adzes</subfield></datafield><datafield tag="450" ind1=" " ind2=" "><subfield code="a">Hoes</subfield></datafield><datafield tag="550" ind1=" " ind2=" "><subfield code="w">g</subfield><subfield code="a">Pakanga</subfield></datafield><datafield tag="550" ind1=" " ind2=" "><subfield code="w">g</subfield><subfield code="a">Taputapu ahu whenua</subfield></datafield><datafield tag="550" ind1=" " ind2=" "><subfield code="w">g</subfield><subfield code="a">Whakairo</subfield></datafield><datafield tag="680" ind1=" " ind2=" "><subfield code="i">Whakamārama: He toki ahu whenua, he toki pakanga, he toki whakairo, he toki iriiri.</subfield></datafield><datafield tag="680" ind1=" " ind2=" "><subfield code="i">Scope Note: Different types of adzes used for gardening, carving, warfare and other ceremonial purposes</subfield></datafield></record>