<record><leader>00000nz  a2200000n  4500</leader><controlfield tag="001">3208</controlfield><controlfield tag="003">NzReo</controlfield><controlfield tag="008">101018 n anznnbab|          || ana      </controlfield><datafield tag="040" ind1=" " ind2=" "><subfield code="a">Nz</subfield><subfield code="c">Nz</subfield><subfield code="f">reo</subfield></datafield><datafield tag="150" ind1=" " ind2=" "><subfield code="a">Toko i te ora</subfield></datafield><datafield tag="450" ind1=" " ind2=" "><subfield code="a">Social welfare</subfield></datafield><datafield tag="450" ind1=" " ind2=" "><subfield code="a">Social work</subfield></datafield><datafield tag="450" ind1=" " ind2=" "><subfield code="a">Welfare, Social</subfield></datafield><datafield tag="450" ind1=" " ind2=" "><subfield code="a">Work, Social</subfield></datafield><datafield tag="550" ind1=" " ind2=" "><subfield code="a">Manaaki tangata</subfield></datafield><datafield tag="550" ind1=" " ind2=" "><subfield code="a">Manaakitanga</subfield></datafield><datafield tag="550" ind1=" " ind2=" "><subfield code="w">g</subfield><subfield code="a">Āhuatanga pāpori</subfield></datafield><datafield tag="550" ind1=" " ind2=" "><subfield code="w">g</subfield><subfield code="a">Hauora whānau</subfield></datafield><datafield tag="680" ind1=" " ind2=" "><subfield code="i">Whakamārama: Ko te mahi taurima a te kāwanatanga me ngā rōpū tautoko hei hāpai i te hauora a te tangata e noho rawakore nei.</subfield></datafield><datafield tag="680" ind1=" " ind2=" "><subfield code="i">Scope Note: Work undertaken by government and support groups striving to promote the basic well-being of people in need.</subfield></datafield></record>