<record><leader>00000nz  a2200000n  4500</leader><controlfield tag="001">2189</controlfield><controlfield tag="003">NzReo</controlfield><controlfield tag="008">060530 n anznnbab|          || ana      </controlfield><datafield tag="040" ind1=" " ind2=" "><subfield code="a">Nz</subfield><subfield code="c">Nz</subfield><subfield code="f">reo</subfield></datafield><datafield tag="150" ind1=" " ind2=" "><subfield code="a">Tokoriro</subfield></datafield><datafield tag="450" ind1=" " ind2=" "><subfield code="a">Cave wētā</subfield></datafield><datafield tag="450" ind1=" " ind2=" "><subfield code="a">Wētā, Cave</subfield></datafield><datafield tag="550" ind1=" " ind2=" "><subfield code="w">g</subfield><subfield code="a">Aitanga pepeke</subfield></datafield><datafield tag="680" ind1=" " ind2=" "><subfield code="i">Whakamārama: Ko ngā wētā itiiti, roroa ngā waewae me ngā pūhihi. Noho ai i ngā ana.</subfield></datafield><datafield tag="680" ind1=" " ind2=" "><subfield code="i">Scope Note: Long-legged weta, commonly called cave weta.</subfield></datafield></record>