<record><leader>00000nz  a2200000n  4500</leader><controlfield tag="001">1255</controlfield><controlfield tag="003">NzReo</controlfield><controlfield tag="008">060503 n anznnbab|          || ana      </controlfield><datafield tag="040" ind1=" " ind2=" "><subfield code="a">Nz</subfield><subfield code="c">Nz</subfield><subfield code="f">reo</subfield></datafield><datafield tag="150" ind1=" " ind2=" "><subfield code="a">Tongi</subfield></datafield><datafield tag="450" ind1=" " ind2=" "><subfield code="a">Quotations</subfield></datafield><datafield tag="550" ind1=" " ind2=" "><subfield code="w">g</subfield><subfield code="a">Whakatauākī</subfield></datafield><datafield tag="680" ind1=" " ind2=" "><subfield code="i">Whakamārama: Ko ngā kōrero o roto o Tainui, ko wā Tainui ka kī ake he tongi. Nā, he nui ngā tongi a Tāwhiao, ko te mea e mōhio whānuitia ana: "Kotahi anō te kōwhao o te ngira e kuhunga ai te miro mā, te miro whero, me te miro pango."</subfield></datafield><datafield tag="680" ind1=" " ind2=" "><subfield code="i">Scope Note: Tongi/quotations were associated with the people of Tainui, particularly to Tāwhiao. The most renowned of his tongi was: "There is but one eye of the needle through which the white, red and black threads can pass."</subfield></datafield></record>