<record><leader>00000nz  a2200000n  4500</leader><controlfield tag="001">584</controlfield><controlfield tag="003">NzReo</controlfield><controlfield tag="008">050629 n anznnbab|          || ana      </controlfield><datafield tag="040" ind1=" " ind2=" "><subfield code="a">Nz</subfield><subfield code="c">Nz</subfield><subfield code="f">reo</subfield></datafield><datafield tag="150" ind1=" " ind2=" "><subfield code="a">Topuni</subfield></datafield><datafield tag="450" ind1=" " ind2=" "><subfield code="a">Cloaks, Dogskin</subfield></datafield><datafield tag="450" ind1=" " ind2=" "><subfield code="a">Dogskin cloaks</subfield></datafield><datafield tag="550" ind1=" " ind2=" "><subfield code="w">g</subfield><subfield code="a">Kahu kuri</subfield></datafield><datafield tag="680" ind1=" " ind2=" "><subfield code="i">Whakamārama: He momo kākahu kurī, he pango, he mā ngā tāhekeheke.</subfield></datafield><datafield tag="680" ind1=" " ind2=" "><subfield code="i">Scope Note: A type of dogskin cloak of black and white stripes.</subfield></datafield></record>