<record><leader>00000nz  a2200000n  4500</leader><controlfield tag="001">690</controlfield><controlfield tag="003">NzReo</controlfield><controlfield tag="008">050719 n anznnbab|          || ana      </controlfield><datafield tag="040" ind1=" " ind2=" "><subfield code="a">Nz</subfield><subfield code="c">Nz</subfield><subfield code="f">reo</subfield></datafield><datafield tag="150" ind1=" " ind2=" "><subfield code="a">Tōrangapū</subfield></datafield><datafield tag="450" ind1=" " ind2=" "><subfield code="a">Politics</subfield></datafield><datafield tag="550" ind1=" " ind2=" "><subfield code="a">Kerēme (Tiriti o Waitangi)</subfield></datafield><datafield tag="550" ind1=" " ind2=" "><subfield code="a">Mātauranga tōrangapū</subfield></datafield><datafield tag="550" ind1=" " ind2=" "><subfield code="a">Mautohe</subfield></datafield><datafield tag="550" ind1=" " ind2=" "><subfield code="w">h</subfield><subfield code="a">Aukati (Tōrangapū)</subfield></datafield><datafield tag="550" ind1=" " ind2=" "><subfield code="w">h</subfield><subfield code="a">He Wakaputanga o te Rangatiratanga o Niu Tireni</subfield></datafield><datafield tag="550" ind1=" " ind2=" "><subfield code="w">h</subfield><subfield code="a">Kāwanatanga</subfield></datafield><datafield tag="550" ind1=" " ind2=" "><subfield code="w">h</subfield><subfield code="a">Kīngitanga</subfield></datafield><datafield tag="550" ind1=" " ind2=" "><subfield code="w">h</subfield><subfield code="a">Kōtahitanga</subfield></datafield><datafield tag="550" ind1=" " ind2=" "><subfield code="w">h</subfield><subfield code="a">Rōpū tōrangapū</subfield></datafield><datafield tag="550" ind1=" " ind2=" "><subfield code="w">h</subfield><subfield code="a">Taipūwhenuatanga</subfield></datafield><datafield tag="550" ind1=" " ind2=" "><subfield code="w">h</subfield><subfield code="a">Tino rangatiratanga</subfield></datafield><datafield tag="680" ind1=" " ind2=" "><subfield code="i">Whakamārama: Te ranga e kumea ana e ngā iwi hei mau mana.</subfield></datafield><datafield tag="680" ind1=" " ind2=" "><subfield code="i">Scope Note: Process, methodology and distribution of power within society.</subfield></datafield></record>