<record><leader>00000nz  a2200000n  4500</leader><controlfield tag="001">1509</controlfield><controlfield tag="003">NzReo</controlfield><controlfield tag="008">060511 n anznnbab|          || ana      </controlfield><datafield tag="040" ind1=" " ind2=" "><subfield code="a">Nz</subfield><subfield code="c">Nz</subfield><subfield code="f">reo</subfield></datafield><datafield tag="150" ind1=" " ind2=" "><subfield code="a">Tōrea</subfield></datafield><datafield tag="450" ind1=" " ind2=" "><subfield code="a">Oystercatchers, Pied</subfield></datafield><datafield tag="450" ind1=" " ind2=" "><subfield code="a">Pied oystercatchers</subfield></datafield><datafield tag="550" ind1=" " ind2=" "><subfield code="w">g</subfield><subfield code="a">Manu ki tātahi</subfield></datafield><datafield tag="680" ind1=" " ind2=" "><subfield code="i">Whakamārama: He manu kautū, he pango, he mā ngā huruhuru. Ko ngā ngutu he roroa, he rahirahi, he wherowhero. He wherowhero anō hoki ngā karu, me ngā waewae.</subfield></datafield><datafield tag="680" ind1=" " ind2=" "><subfield code="i">Scope Note: A wading bird with black and white feathers and a long thin straight red bill, red eyes and red legs. Haematopus ostralegus.</subfield></datafield></record>