<record><leader>00000nz  a2200000n  4500</leader><controlfield tag="001">1512</controlfield><controlfield tag="003">NzReo</controlfield><controlfield tag="008">060511 n anznnbab|          || ana      </controlfield><datafield tag="040" ind1=" " ind2=" "><subfield code="a">Nz</subfield><subfield code="c">Nz</subfield><subfield code="f">reo</subfield></datafield><datafield tag="150" ind1=" " ind2=" "><subfield code="a">Tōrea pango</subfield></datafield><datafield tag="450" ind1=" " ind2=" "><subfield code="a">Black oystercatchers</subfield></datafield><datafield tag="450" ind1=" " ind2=" "><subfield code="a">Oystercatchers, Black</subfield></datafield><datafield tag="550" ind1=" " ind2=" "><subfield code="w">g</subfield><subfield code="a">Manu ki tātahi</subfield></datafield><datafield tag="680" ind1=" " ind2=" "><subfield code="i">Whakamārama: Ko tēnei tōrea he pango katoa ngā huruhuru, he wherowhero anō ngā ngutu, ngā karu me ngā waewae.</subfield></datafield><datafield tag="680" ind1=" " ind2=" "><subfield code="i">Scope Note: An oystercatcher which has entirely black feathers, with a red bill, red eyes and red legs. Haematopus unicolor.</subfield></datafield></record>