<record><leader>00000nz  a2200000n  4500</leader><controlfield tag="001">868</controlfield><controlfield tag="003">NzReo</controlfield><controlfield tag="008">050831 n anznnbab|          || ana      </controlfield><datafield tag="040" ind1=" " ind2=" "><subfield code="a">Nz</subfield><subfield code="c">Nz</subfield><subfield code="f">reo</subfield></datafield><datafield tag="150" ind1=" " ind2=" "><subfield code="a">Tōriwha</subfield></datafield><datafield tag="550" ind1=" " ind2=" "><subfield code="a">Maramataka</subfield></datafield><datafield tag="550" ind1=" " ind2=" "><subfield code="a">Rona</subfield></datafield><datafield tag="550" ind1=" " ind2=" "><subfield code="w">g</subfield><subfield code="a">Marama</subfield></datafield><datafield tag="680" ind1=" " ind2=" "><subfield code="i">Whakamārama: Ka riko te marama i muri iho i tōna kīnga te tōriwha.</subfield></datafield><datafield tag="680" ind1=" " ind2=" "><subfield code="i">Scope Note: The waning of the moon.</subfield></datafield></record>