<record><leader>00000nz  a2200000n  4500</leader><controlfield tag="001">1442</controlfield><controlfield tag="003">NzReo</controlfield><controlfield tag="008">060511 n anznnbab|          || ana      </controlfield><datafield tag="040" ind1=" " ind2=" "><subfield code="a">Nz</subfield><subfield code="c">Nz</subfield><subfield code="f">reo</subfield></datafield><datafield tag="150" ind1=" " ind2=" "><subfield code="a">Toroa ingoingo</subfield></datafield><datafield tag="450" ind1=" " ind2=" "><subfield code="a">Albatrosses, Royal</subfield></datafield><datafield tag="450" ind1=" " ind2=" "><subfield code="a">Royal albatrosses</subfield></datafield><datafield tag="550" ind1=" " ind2=" "><subfield code="w">g</subfield><subfield code="a">Manu moana</subfield></datafield><datafield tag="680" ind1=" " ind2=" "><subfield code="i">Whakamārama: He manu moana tino nui. Mā kātoa, engari he pango ngā topito o ngā parirau. Ko te Rae o Taiaroa, i Otepoti, te kāinga.</subfield></datafield><datafield tag="680" ind1=" " ind2=" "><subfield code="i">Scope Note: A very large albatross, almost completely white except for the wing tips. There are two subspecies, epomophora and sandfordi. It is the latter which breeds at Taiaroa Heads. Diomedea epomophora.</subfield></datafield></record>