<record><leader>00000nz  a2200000n  4500</leader><controlfield tag="001">1445</controlfield><controlfield tag="003">NzReo</controlfield><controlfield tag="008">060511 n anznnbab|          || ana      </controlfield><datafield tag="040" ind1=" " ind2=" "><subfield code="a">Nz</subfield><subfield code="c">Nz</subfield><subfield code="f">reo</subfield></datafield><datafield tag="150" ind1=" " ind2=" "><subfield code="a">Toroa pango</subfield></datafield><datafield tag="450" ind1=" " ind2=" "><subfield code="a">Kōputu</subfield></datafield><datafield tag="450" ind1=" " ind2=" "><subfield code="a">Albatrosses, Sooty</subfield></datafield><datafield tag="450" ind1=" " ind2=" "><subfield code="a">Sooty albatrosses</subfield></datafield><datafield tag="550" ind1=" " ind2=" "><subfield code="w">g</subfield><subfield code="a">Manu moana</subfield></datafield><datafield tag="680" ind1=" " ind2=" "><subfield code="i">Whakamārama: He manu moana nui, he hāurahina uira te tinana, he parauri ake te ūpoko me te kurutou. He mā te tohu kei ngā rewha.</subfield></datafield><datafield tag="680" ind1=" " ind2=" "><subfield code="i">Scope Note: A large albatross with pearly brown plumage except for a white mark on the eyelid. The tail and head are darker brown. Phaeobetria palpebrata.</subfield></datafield></record>