<record><leader>00000nz  a2200000n  4500</leader><controlfield tag="001">3256</controlfield><controlfield tag="003">NzReo</controlfield><controlfield tag="008">101021 n anznnbab|          || ana      </controlfield><datafield tag="040" ind1=" " ind2=" "><subfield code="a">Nz</subfield><subfield code="c">Nz</subfield><subfield code="f">reo</subfield></datafield><datafield tag="150" ind1=" " ind2=" "><subfield code="a">Toroī</subfield></datafield><datafield tag="450" ind1=" " ind2=" "><subfield code="a">Fermented foods</subfield></datafield><datafield tag="450" ind1=" " ind2=" "><subfield code="a">Foods, Fermented</subfield></datafield><datafield tag="550" ind1=" " ind2=" "><subfield code="a">Kai whakamara</subfield></datafield><datafield tag="550" ind1=" " ind2=" "><subfield code="w">g</subfield><subfield code="a">Rokiroki kai</subfield></datafield><datafield tag="680" ind1=" " ind2=" "><subfield code="i">Whakamārama: Ko ngā kai kua toroī i te rongo, nō reira he kai.</subfield></datafield></record>