<record><leader>00000nz  a2200000n  4500</leader><controlfield tag="001">1921</controlfield><controlfield tag="003">NzReo</controlfield><controlfield tag="008">060524 n anznnbab|          || ana      </controlfield><datafield tag="040" ind1=" " ind2=" "><subfield code="a">Nz</subfield><subfield code="c">Nz</subfield><subfield code="f">reo</subfield></datafield><datafield tag="150" ind1=" " ind2=" "><subfield code="a">Tōtara</subfield></datafield><datafield tag="450" ind1=" " ind2=" "><subfield code="a">Amoka</subfield></datafield><datafield tag="550" ind1=" " ind2=" "><subfield code="w">g</subfield><subfield code="a">Rākau whakakake</subfield></datafield><datafield tag="680" ind1=" " ind2=" "><subfield code="i">Whakamārama: He tino rākau tēnei nō te Wao-a-Tāne, mō te hanga whare, hanga waka, mō ngā whakairo. He mātotoru he rarai te kiri, he whāiti, he koikoi ngā rau, he pūwhero a taikākā.</subfield></datafield><datafield tag="680" ind1=" " ind2=" "><subfield code="i">Scope Note: A valuable timber tree with thick stringy, furrowed bark and sharp pointed narrow leaves. Podocarpus totara.</subfield></datafield></record>