<record><leader>00000nz  a2200000n  4500</leader><controlfield tag="001">1922</controlfield><controlfield tag="003">NzReo</controlfield><controlfield tag="008">060524 n anznnbab|          || ana      </controlfield><datafield tag="040" ind1=" " ind2=" "><subfield code="a">Nz</subfield><subfield code="c">Nz</subfield><subfield code="f">reo</subfield></datafield><datafield tag="150" ind1=" " ind2=" "><subfield code="a">Tōtara kōtukutuku</subfield></datafield><datafield tag="450" ind1=" " ind2=" "><subfield code="a">Halls tōtara</subfield></datafield><datafield tag="450" ind1=" " ind2=" "><subfield code="a">Thinbarked tōtara</subfield></datafield><datafield tag="550" ind1=" " ind2=" "><subfield code="w">g</subfield><subfield code="a">Rākau whakakake</subfield></datafield><datafield tag="680" ind1=" " ind2=" "><subfield code="i">Whakamārama: Ko tēnei momo tōtara, he angiangi, he pākarukaru noa te kiri pērā i tō te kōtukutuku. He tino rākau anō mō ngā mahi nunui.</subfield></datafield><datafield tag="680" ind1=" " ind2=" "><subfield code="i">Scope Note: A tree resembling tōtara but with thin flaky paperlike bark, resembling that of the kōtukutuku/tree fuchsia. An important timber tree. Podocarpus hallii.</subfield></datafield></record>