<record><leader>00000nz  a2200000n  4500</leader><controlfield tag="001">2288</controlfield><controlfield tag="003">NzReo</controlfield><controlfield tag="008">060531 n anznnbab|          || ana      </controlfield><datafield tag="040" ind1=" " ind2=" "><subfield code="a">Nz</subfield><subfield code="c">Nz</subfield><subfield code="f">reo</subfield></datafield><datafield tag="150" ind1=" " ind2=" "><subfield code="a">Tūāhu</subfield></datafield><datafield tag="550" ind1=" " ind2=" "><subfield code="a">Tohunga</subfield></datafield><datafield tag="550" ind1=" " ind2=" "><subfield code="w">g</subfield><subfield code="a">Wāhi tapu</subfield></datafield><datafield tag="680" ind1=" " ind2=" "><subfield code="i">Whakamārama: He wāhi tapu mō ngā mahi o te tohunga.</subfield></datafield><datafield tag="680" ind1=" " ind2=" "><subfield code="i">Scope Note: A ceremonial site or altar used by tohunga/priests for divination, etc.</subfield></datafield></record>