<record><leader>00000nz  a2200000n  4500</leader><controlfield tag="001">3663</controlfield><controlfield tag="003">NzReo</controlfield><controlfield tag="008">110603 n anznnbab|          || ana      </controlfield><datafield tag="040" ind1=" " ind2=" "><subfield code="a">Nz</subfield><subfield code="c">Nz</subfield><subfield code="f">reo</subfield></datafield><datafield tag="150" ind1=" " ind2=" "><subfield code="a">Tuakiri</subfield></datafield><datafield tag="450" ind1=" " ind2=" "><subfield code="a">Tuakiritanga</subfield></datafield><datafield tag="450" ind1=" " ind2=" "><subfield code="a">Identity</subfield></datafield><datafield tag="550" ind1=" " ind2=" "><subfield code="a">Hōkakatanga</subfield></datafield><datafield tag="550" ind1=" " ind2=" "><subfield code="a">Mana ake</subfield></datafield><datafield tag="550" ind1=" " ind2=" "><subfield code="a">Pākehā</subfield></datafield><datafield tag="550" ind1=" " ind2=" "><subfield code="a">Takatāpui</subfield></datafield><datafield tag="550" ind1=" " ind2=" "><subfield code="a">Tāngata</subfield></datafield><datafield tag="550" ind1=" " ind2=" "><subfield code="a">Tikanga rua</subfield></datafield><datafield tag="550" ind1=" " ind2=" "><subfield code="a">Tūrangawaewae</subfield></datafield><datafield tag="550" ind1=" " ind2=" "><subfield code="w">g</subfield><subfield code="a">Whakapapa</subfield></datafield><datafield tag="550" ind1=" " ind2=" "><subfield code="w">h</subfield><subfield code="a">Haki</subfield></datafield><datafield tag="550" ind1=" " ind2=" "><subfield code="w">h</subfield><subfield code="a">Ingoa</subfield></datafield><datafield tag="550" ind1=" " ind2=" "><subfield code="w">h</subfield><subfield code="a">Māoritanga</subfield></datafield><datafield tag="550" ind1=" " ind2=" "><subfield code="w">h</subfield><subfield code="a">Takatāpuitanga</subfield></datafield><datafield tag="550" ind1=" " ind2=" "><subfield code="w">h</subfield><subfield code="a">Taunahanahatanga</subfield></datafield><datafield tag="680" ind1=" " ind2=" "><subfield code="i">Whakamārama: Ngā āhuatanga motuhake e tohu ana ko wai te tangata, te huinga tāngata rānei.</subfield></datafield><datafield tag="680" ind1=" " ind2=" "><subfield code="i">Scope Note: People's conceptions and expressions of their individuality or group affiliations and how they view themselves both as people and in relation to other people, ideas and nature. Use for works relating to Māori and identity issues such as tribal identity, sexuality, multicultural identity, religion, gender identity and nationalism. See also Mana ake (Self awareness).</subfield></datafield></record>