<record><leader>00000nz  a2200000n  4500</leader><controlfield tag="001">2456</controlfield><controlfield tag="003">NzReo</controlfield><controlfield tag="008">060531 n anznnbab|          || ana      </controlfield><datafield tag="040" ind1=" " ind2=" "><subfield code="a">Nz</subfield><subfield code="c">Nz</subfield><subfield code="f">reo</subfield></datafield><datafield tag="150" ind1=" " ind2=" "><subfield code="a">Tuatua</subfield></datafield><datafield tag="550" ind1=" " ind2=" "><subfield code="w">g</subfield><subfield code="a">Ngā uri o Tangaroa</subfield></datafield><datafield tag="680" ind1=" " ind2=" "><subfield code="i">Whakamārama: He pipi rite ki te toheroa, kei roto i te kirikiri e noho ana. He kaho, he kōataata te kiri o te anga.</subfield></datafield><datafield tag="680" ind1=" " ind2=" "><subfield code="i">Scope Note: A smaller relative of the toheroa, very common on east coast beaches where it lives shallowly buried. The hinge is closer to one end than to the other and there is a clear or yellowish epidermis. Paphies subtriangulata.</subfield></datafield></record>