<record><leader>00000nz  a2200000n  4500</leader><controlfield tag="001">3421</controlfield><controlfield tag="003">NzReo</controlfield><controlfield tag="008">101221 n anznnbab|          || ana      </controlfield><datafield tag="040" ind1=" " ind2=" "><subfield code="a">Nz</subfield><subfield code="c">Nz</subfield><subfield code="f">reo</subfield></datafield><datafield tag="150" ind1=" " ind2=" "><subfield code="a">Tuhinga auaha</subfield></datafield><datafield tag="450" ind1=" " ind2=" "><subfield code="a">Tuhinga totoko</subfield></datafield><datafield tag="450" ind1=" " ind2=" "><subfield code="a">Creative writing</subfield></datafield><datafield tag="450" ind1=" " ind2=" "><subfield code="a">Poetry</subfield></datafield><datafield tag="450" ind1=" " ind2=" "><subfield code="a">Writing, Creative</subfield></datafield><datafield tag="550" ind1=" " ind2=" "><subfield code="a">Pūrākau</subfield></datafield><datafield tag="550" ind1=" " ind2=" "><subfield code="w">g</subfield><subfield code="a">Kōrero</subfield></datafield><datafield tag="680" ind1=" " ind2=" "><subfield code="i">Whakamārama: Ko ngā tuhinga ōpaki katoa i ahu mai i te ngākau o te kaitito e whai wāhi atu ana i te rotarota, i te tuhi ā-whakaari, i te tito waiata, i te pakiwaitara, i te pūrākau, i te kōrero paki hoki.</subfield></datafield><datafield tag="680" ind1=" " ind2=" "><subfield code="i">Scope Note: Dramatic or creative expression conveyed through writing, including poetry, playwriting, screenwriting, songwriting, novels, epics, comedic writing, etc.</subfield></datafield></record>