<record><leader>00000nz  a2200000n  4500</leader><controlfield tag="001">1376</controlfield><controlfield tag="003">NzReo</controlfield><controlfield tag="008">060511 n anznnbab|          || ana      </controlfield><datafield tag="040" ind1=" " ind2=" "><subfield code="a">Nz</subfield><subfield code="c">Nz</subfield><subfield code="f">reo</subfield></datafield><datafield tag="150" ind1=" " ind2=" "><subfield code="a">Tūi</subfield></datafield><datafield tag="450" ind1=" " ind2=" "><subfield code="a">Kōkō</subfield></datafield><datafield tag="450" ind1=" " ind2=" "><subfield code="a">Kōpūrehe</subfield></datafield><datafield tag="450" ind1=" " ind2=" "><subfield code="a">Birds, Parson</subfield></datafield><datafield tag="450" ind1=" " ind2=" "><subfield code="a">Parson birds</subfield></datafield><datafield tag="550" ind1=" " ind2=" "><subfield code="w">g</subfield><subfield code="a">Manu ngahere</subfield></datafield><datafield tag="680" ind1=" " ind2=" "><subfield code="i">Whakamārama: He manu nui, he kārikipango mōhinuhinu, he mā ngā peruperu. Ko ngā waireka o ngā pua te kai.</subfield></datafield><datafield tag="680" ind1=" " ind2=" "><subfield code="i">Scope Note: A large nectar feeding bird with glossy green and black plumage and a tuft of white feathers at the throat. Prosthemadera novaeseelandiae.</subfield></datafield></record>