<record><leader>00000nz  a2200000n  4500</leader><controlfield tag="001">2735</controlfield><controlfield tag="003">NzReo</controlfield><controlfield tag="008">060607 n anznnbab|          || ana      </controlfield><datafield tag="040" ind1=" " ind2=" "><subfield code="a">Nz</subfield><subfield code="c">Nz</subfield><subfield code="f">reo</subfield></datafield><datafield tag="150" ind1=" " ind2=" "><subfield code="a">Tūkinotanga ā-taiao</subfield></datafield><datafield tag="450" ind1=" " ind2=" "><subfield code="a">Environmental pollution</subfield></datafield><datafield tag="450" ind1=" " ind2=" "><subfield code="a">Pollution, Environmental</subfield></datafield><datafield tag="550" ind1=" " ind2=" "><subfield code="w">g</subfield><subfield code="a">Taiao</subfield></datafield><datafield tag="550" ind1=" " ind2=" "><subfield code="w">h</subfield><subfield code="a">Parakaingaki</subfield></datafield><datafield tag="680" ind1=" " ind2=" "><subfield code="i">Whakamārama: Ko te tūkinotanga ā te whenua, ā te moana, ā te taiao ranei.</subfield></datafield><datafield tag="680" ind1=" " ind2=" "><subfield code="i">Scope Note: The pollution of the environment.</subfield></datafield></record>