<record><leader>00000nz  a2200000n  4500</leader><controlfield tag="001">469</controlfield><controlfield tag="003">NzReo</controlfield><controlfield tag="008">050624 n anznnbab|          || ana      </controlfield><datafield tag="040" ind1=" " ind2=" "><subfield code="a">Nz</subfield><subfield code="c">Nz</subfield><subfield code="f">reo</subfield></datafield><datafield tag="150" ind1=" " ind2=" "><subfield code="a">Tuku whenua</subfield></datafield><datafield tag="450" ind1=" " ind2=" "><subfield code="a">Gifted land</subfield></datafield><datafield tag="450" ind1=" " ind2=" "><subfield code="a">Land, Gifted</subfield></datafield><datafield tag="550" ind1=" " ind2=" "><subfield code="a">Tākoha</subfield></datafield><datafield tag="550" ind1=" " ind2=" "><subfield code="a">Utu</subfield></datafield><datafield tag="550" ind1=" " ind2=" "><subfield code="a">Whenua</subfield></datafield><datafield tag="550" ind1=" " ind2=" "><subfield code="a">Whenua tupuna</subfield></datafield><datafield tag="550" ind1=" " ind2=" "><subfield code="w">g</subfield><subfield code="a">Mana whenua</subfield></datafield><datafield tag="550" ind1=" " ind2=" "><subfield code="w">g</subfield><subfield code="a">Tikanga</subfield></datafield><datafield tag="680" ind1=" " ind2=" "><subfield code="i">Whakamārama: I riro whenua atu me hoki whenua mai.</subfield></datafield><datafield tag="680" ind1=" " ind2=" "><subfield code="i">Scope Note: Gifted land to be used for a particular time and then returned to the original owners.</subfield></datafield></record>