<record><leader>00000nz  a2200000n  4500</leader><controlfield tag="001">676</controlfield><controlfield tag="003">NzReo</controlfield><controlfield tag="008">050714 n anznnbab|          || ana      </controlfield><datafield tag="040" ind1=" " ind2=" "><subfield code="a">Nz</subfield><subfield code="c">Nz</subfield><subfield code="f">reo</subfield></datafield><datafield tag="150" ind1=" " ind2=" "><subfield code="a">Tūmatakōkiri</subfield></datafield><datafield tag="550" ind1=" " ind2=" "><subfield code="a">Pahū</subfield></datafield><datafield tag="550" ind1=" " ind2=" "><subfield code="a">Pūkaea</subfield></datafield><datafield tag="550" ind1=" " ind2=" "><subfield code="a">Tūmatauenga</subfield></datafield><datafield tag="550" ind1=" " ind2=" "><subfield code="w">g</subfield><subfield code="a">Atua</subfield></datafield><datafield tag="680" ind1=" " ind2=" "><subfield code="i">Whakamārama: Te kaitiaki o te pahū a Tūmatakōkiri. He ingoa anō mō Tūmatauenga.</subfield></datafield><datafield tag="680" ind1=" " ind2=" "><subfield code="i">Scope Note: The guardian of the drum, also known as Tūmatauenga, the god of war.</subfield></datafield></record>