<record><leader>00000nz  a2200000n  4500</leader><controlfield tag="001">1110</controlfield><controlfield tag="003">NzReo</controlfield><controlfield tag="008">060324 n anznnbab|          || ana      </controlfield><datafield tag="040" ind1=" " ind2=" "><subfield code="a">Nz</subfield><subfield code="c">Nz</subfield><subfield code="f">reo</subfield></datafield><datafield tag="150" ind1=" " ind2=" "><subfield code="a">Tūmatauenga</subfield></datafield><datafield tag="550" ind1=" " ind2=" "><subfield code="a">Aituā</subfield></datafield><datafield tag="550" ind1=" " ind2=" "><subfield code="a">Hōia</subfield></datafield><datafield tag="550" ind1=" " ind2=" "><subfield code="a">Mau rākau</subfield></datafield><datafield tag="550" ind1=" " ind2=" "><subfield code="a">Pakanga</subfield></datafield><datafield tag="550" ind1=" " ind2=" "><subfield code="a">Rākau ā Tū</subfield></datafield><datafield tag="550" ind1=" " ind2=" "><subfield code="a">Toa</subfield></datafield><datafield tag="550" ind1=" " ind2=" "><subfield code="a">Tūmatakōkiri</subfield></datafield><datafield tag="550" ind1=" " ind2=" "><subfield code="w">g</subfield><subfield code="a">Atua</subfield></datafield><datafield tag="680" ind1=" " ind2=" "><subfield code="i">Whakamārama: Ko te atua o te whawhai, pakanga hoki ā Tūmatauenga.</subfield></datafield><datafield tag="680" ind1=" " ind2=" "><subfield code="i">Scope Note: The god of warfare.</subfield></datafield></record>