<record><leader>00000nz  a2200000n  4500</leader><controlfield tag="001">3705</controlfield><controlfield tag="003">NzReo</controlfield><controlfield tag="008">110607 n anznnbab|          || ana      </controlfield><datafield tag="040" ind1=" " ind2=" "><subfield code="a">Nz</subfield><subfield code="c">Nz</subfield><subfield code="f">reo</subfield></datafield><datafield tag="150" ind1=" " ind2=" "><subfield code="a">Tumu kōrero</subfield></datafield><datafield tag="450" ind1=" " ind2=" "><subfield code="a">Kairangahau onamata</subfield></datafield><datafield tag="450" ind1=" " ind2=" "><subfield code="a">Historians</subfield></datafield><datafield tag="550" ind1=" " ind2=" "><subfield code="a">Kōrero nehe</subfield></datafield><datafield tag="550" ind1=" " ind2=" "><subfield code="a">Pūrākau</subfield></datafield><datafield tag="550" ind1=" " ind2=" "><subfield code="a">Rangahau</subfield></datafield><datafield tag="550" ind1=" " ind2=" "><subfield code="a">Whakapapa</subfield></datafield><datafield tag="550" ind1=" " ind2=" "><subfield code="w">g</subfield><subfield code="a">Kōrero</subfield></datafield><datafield tag="680" ind1=" " ind2=" "><subfield code="i">Whakamārama: Ko te tumu kōrero, he pou kōrero o ngā kōrero e pā ana ki ngā rā ō mua.</subfield></datafield><datafield tag="680" ind1=" " ind2=" "><subfield code="i">Scope Note: Historians. See also Kōrero nehe (History).</subfield></datafield></record>