<record><leader>00000nz  a2200000n  4500</leader><controlfield tag="001">624</controlfield><controlfield tag="003">NzReo</controlfield><controlfield tag="008">050714 n anznnbab|          || ana      </controlfield><datafield tag="040" ind1=" " ind2=" "><subfield code="a">Nz</subfield><subfield code="c">Nz</subfield><subfield code="f">reo</subfield></datafield><datafield tag="150" ind1=" " ind2=" "><subfield code="a">Tumutumu</subfield></datafield><datafield tag="450" ind1=" " ind2=" "><subfield code="a">Instruments, Percussion</subfield></datafield><datafield tag="450" ind1=" " ind2=" "><subfield code="a">Percussion instruments</subfield></datafield><datafield tag="550" ind1=" " ind2=" "><subfield code="a">Tōkere</subfield></datafield><datafield tag="550" ind1=" " ind2=" "><subfield code="w">g</subfield><subfield code="a">Taonga pūoro</subfield></datafield><datafield tag="680" ind1=" " ind2=" "><subfield code="i">Whakamārama: He momo taonga pao pao i te kōhatu, rākau me kōiwi.</subfield></datafield><datafield tag="680" ind1=" " ind2=" "><subfield code="i">Scope Note: Instruments of this type were percussion instruments using stone, wood and bone.</subfield></datafield></record>