<record><leader>00000nz  a2200000n  4500</leader><controlfield tag="001">3120</controlfield><controlfield tag="003">NzReo</controlfield><controlfield tag="008">100721 n anznnbab|          || ana      </controlfield><datafield tag="040" ind1=" " ind2=" "><subfield code="a">Nz</subfield><subfield code="c">Nz</subfield><subfield code="f">reo</subfield></datafield><datafield tag="150" ind1=" " ind2=" "><subfield code="a">Tunu kai</subfield></datafield><datafield tag="450" ind1=" " ind2=" "><subfield code="a">Cookery</subfield></datafield><datafield tag="450" ind1=" " ind2=" "><subfield code="a">Cooking</subfield></datafield><datafield tag="450" ind1=" " ind2=" "><subfield code="a">Cooking methods</subfield></datafield><datafield tag="550" ind1=" " ind2=" "><subfield code="a">Hangarau kai</subfield></datafield><datafield tag="550" ind1=" " ind2=" "><subfield code="w">g</subfield><subfield code="a">Kai</subfield></datafield><datafield tag="550" ind1=" " ind2=" "><subfield code="w">h</subfield><subfield code="a">Hāngī</subfield></datafield><datafield tag="550" ind1=" " ind2=" "><subfield code="w">h</subfield><subfield code="a">Kai whakamara</subfield></datafield><datafield tag="550" ind1=" " ind2=" "><subfield code="w">h</subfield><subfield code="a">Keke</subfield></datafield><datafield tag="550" ind1=" " ind2=" "><subfield code="w">h</subfield><subfield code="a">Parāoa</subfield></datafield><datafield tag="550" ind1=" " ind2=" "><subfield code="w">h</subfield><subfield code="a">Puia kai</subfield></datafield><datafield tag="550" ind1=" " ind2=" "><subfield code="w">h</subfield><subfield code="a">Tikanga tunu kai</subfield></datafield><datafield tag="680" ind1=" " ind2=" "><subfield code="i">Scope Note: Cooking methods and processes; to roast, broil, steam, cook, bake, etc.</subfield></datafield></record>