<record><leader>00000nz  a2200000n  4500</leader><controlfield tag="001">1645</controlfield><controlfield tag="003">NzReo</controlfield><controlfield tag="008">060524 n anznnbab|          || ana      </controlfield><datafield tag="040" ind1=" " ind2=" "><subfield code="a">Nz</subfield><subfield code="c">Nz</subfield><subfield code="f">reo</subfield></datafield><datafield tag="150" ind1=" " ind2=" "><subfield code="a">Tūpare</subfield></datafield><datafield tag="450" ind1=" " ind2=" "><subfield code="a">Leatherwoods</subfield></datafield><datafield tag="550" ind1=" " ind2=" "><subfield code="w">g</subfield><subfield code="a">Mauwha</subfield></datafield><datafield tag="680" ind1=" " ind2=" "><subfield code="i">Whakamārama: He rākau, he kiriuka, he niniho ngā rau. He hāuratea ngā pūhui pua. He nehu kei ngā tātā.Kei ngā maunga e tupu ana.</subfield></datafield><datafield tag="680" ind1=" " ind2=" "><subfield code="i">Scope Note: A tree daisy with leathery, deeply-toothed leaves, branches appearing to be matted, and brownish flowerheads. It is found mostly in subalpine scrub. Olearia colensoi.</subfield></datafield></record>