<record><leader>00000nz  a2200000n  4500</leader><controlfield tag="001">2311</controlfield><controlfield tag="003">NzReo</controlfield><controlfield tag="008">060531 n anznnbab|          || ana      </controlfield><datafield tag="040" ind1=" " ind2=" "><subfield code="a">Nz</subfield><subfield code="c">Nz</subfield><subfield code="f">reo</subfield></datafield><datafield tag="150" ind1=" " ind2=" "><subfield code="a">Tūpuna</subfield></datafield><datafield tag="450" ind1=" " ind2=" "><subfield code="a">Tīpuna</subfield></datafield><datafield tag="450" ind1=" " ind2=" "><subfield code="a">Ancestors</subfield></datafield><datafield tag="550" ind1=" " ind2=" "><subfield code="a">Ingoa</subfield></datafield><datafield tag="550" ind1=" " ind2=" "><subfield code="a">Kaumātua</subfield></datafield><datafield tag="550" ind1=" " ind2=" "><subfield code="a">Koroua</subfield></datafield><datafield tag="550" ind1=" " ind2=" "><subfield code="a">Kuia</subfield></datafield><datafield tag="550" ind1=" " ind2=" "><subfield code="a">Mana tūpuna</subfield></datafield><datafield tag="550" ind1=" " ind2=" "><subfield code="a">Maunga</subfield></datafield><datafield tag="550" ind1=" " ind2=" "><subfield code="a">Whare tūpuna</subfield></datafield><datafield tag="550" ind1=" " ind2=" "><subfield code="w">g</subfield><subfield code="a">Tāngata whenua</subfield></datafield><datafield tag="680" ind1=" " ind2=" "><subfield code="i">Whakamārama: Tētahi o ngā tangata i heke mai ai te tangata i roto i ngā tātai whakapapa, i tua atu i ōna mātua ake me ērā atu o tō rāua whakatupuranga.</subfield></datafield><datafield tag="680" ind1=" " ind2=" "><subfield code="i">Scope Note: Groups of people commonly referred to as ancestors of hapū and iwi. Can also apply to great-grandparents. See also: Kaumātua (Elders).</subfield></datafield></record>