<record><leader>00000nz  a2200000n  4500</leader><controlfield tag="001">1025</controlfield><controlfield tag="003">NzReo</controlfield><controlfield tag="008">050831 n anznnbab|          || ana      </controlfield><datafield tag="040" ind1=" " ind2=" "><subfield code="a">Nz</subfield><subfield code="c">Nz</subfield><subfield code="f">reo</subfield></datafield><datafield tag="150" ind1=" " ind2=" "><subfield code="a">Ture hara</subfield></datafield><datafield tag="450" ind1=" " ind2=" "><subfield code="a">Criminal law</subfield></datafield><datafield tag="550" ind1=" " ind2=" "><subfield code="a">Mahi whakaauraki</subfield></datafield><datafield tag="550" ind1=" " ind2=" "><subfield code="a">Mauhere</subfield></datafield><datafield tag="550" ind1=" " ind2=" "><subfield code="a">Pūnaha ture taihara</subfield></datafield><datafield tag="550" ind1=" " ind2=" "><subfield code="a">Whare herehere</subfield></datafield><datafield tag="550" ind1=" " ind2=" "><subfield code="w">g</subfield><subfield code="a">Ture</subfield></datafield><datafield tag="680" ind1=" " ind2=" "><subfield code="i">Scope Note: Criminal law, including homicide, theft and the Crimes Act 1961.</subfield></datafield></record>