<record><leader>00000nz  a2200000n  4500</leader><controlfield tag="001">1018</controlfield><controlfield tag="003">NzReo</controlfield><controlfield tag="008">050831 n anznnbab|          || ana      </controlfield><datafield tag="040" ind1=" " ind2=" "><subfield code="a">Nz</subfield><subfield code="c">Nz</subfield><subfield code="f">reo</subfield></datafield><datafield tag="150" ind1=" " ind2=" "><subfield code="a">Ture o te Kāwanatanga</subfield></datafield><datafield tag="450" ind1=" " ind2=" "><subfield code="a">Jurisprudence</subfield></datafield><datafield tag="450" ind1=" " ind2=" "><subfield code="a">Public law</subfield></datafield><datafield tag="550" ind1=" " ind2=" "><subfield code="a">Kōwhiringa pōti</subfield></datafield><datafield tag="550" ind1=" " ind2=" "><subfield code="a">Rōia</subfield></datafield><datafield tag="550" ind1=" " ind2=" "><subfield code="w">g</subfield><subfield code="a">Ture</subfield></datafield><datafield tag="550" ind1=" " ind2=" "><subfield code="w">h</subfield><subfield code="a">Kōmihana a te Karauna</subfield></datafield><datafield tag="550" ind1=" " ind2=" "><subfield code="w">h</subfield><subfield code="a">Tāke</subfield></datafield><datafield tag="550" ind1=" " ind2=" "><subfield code="w">h</subfield><subfield code="a">Ture kaupapa</subfield></datafield><datafield tag="680" ind1=" " ind2=" "><subfield code="i">Scope Note: Laws enacted by the Goverment, including public law, civil proceedings, legal systems, legal method, jurisprudence and repealed legislation/whakakorengia ture.</subfield></datafield></record>