<record><leader>00000nz  a2200000n  4500</leader><controlfield tag="001">1047</controlfield><controlfield tag="003">NzReo</controlfield><controlfield tag="008">050831 n anznnbab|          || ana      </controlfield><datafield tag="040" ind1=" " ind2=" "><subfield code="a">Nz</subfield><subfield code="c">Nz</subfield><subfield code="f">reo</subfield></datafield><datafield tag="150" ind1=" " ind2=" "><subfield code="a">Ture putaiao-ā-iwi</subfield></datafield><datafield tag="450" ind1=" " ind2=" "><subfield code="a">Environmental laws, International</subfield></datafield><datafield tag="450" ind1=" " ind2=" "><subfield code="a">International environmental laws</subfield></datafield><datafield tag="550" ind1=" " ind2=" "><subfield code="w">g</subfield><subfield code="a">Ture</subfield></datafield><datafield tag="680" ind1=" " ind2=" "><subfield code="i">Scope Note: International environmental laws, including endangered species and whales.</subfield></datafield></record>