<record><leader>00000nz  a2200000n  4500</leader><controlfield tag="001">1043</controlfield><controlfield tag="003">NzReo</controlfield><controlfield tag="008">050831 n anznnbab|          || ana      </controlfield><datafield tag="040" ind1=" " ind2=" "><subfield code="a">Nz</subfield><subfield code="c">Nz</subfield><subfield code="f">reo</subfield></datafield><datafield tag="150" ind1=" " ind2=" "><subfield code="a">Ture whānau</subfield></datafield><datafield tag="450" ind1=" " ind2=" "><subfield code="a">Family law</subfield></datafield><datafield tag="550" ind1=" " ind2=" "><subfield code="w">g</subfield><subfield code="a">Ture</subfield></datafield><datafield tag="550" ind1=" " ind2=" "><subfield code="w">h</subfield><subfield code="a">Mana tiaki tamariki</subfield></datafield><datafield tag="680" ind1=" " ind2=" "><subfield code="i">Scope Note: Family laws, including Guardianship Act and Domestic Violence Act.</subfield></datafield></record>