<record><leader>00000nz  a2200000n  4500</leader><controlfield tag="001">1027</controlfield><controlfield tag="003">NzReo</controlfield><controlfield tag="008">050831 n anznnbab|          || ana      </controlfield><datafield tag="040" ind1=" " ind2=" "><subfield code="a">Nz</subfield><subfield code="c">Nz</subfield><subfield code="f">reo</subfield></datafield><datafield tag="150" ind1=" " ind2=" "><subfield code="a">Ture whenua</subfield></datafield><datafield tag="450" ind1=" " ind2=" "><subfield code="a">Land laws</subfield></datafield><datafield tag="550" ind1=" " ind2=" "><subfield code="a">Hokohoko whenua</subfield></datafield><datafield tag="550" ind1=" " ind2=" "><subfield code="a">Whenua</subfield></datafield><datafield tag="550" ind1=" " ind2=" "><subfield code="w">g</subfield><subfield code="a">Ture</subfield></datafield><datafield tag="680" ind1=" " ind2=" "><subfield code="i">Scope Note: Land laws, including the Land Transfer Act and Te Ture Whenua Māori Act.</subfield></datafield></record>