<record><leader>00000nz  a2200000n  4500</leader><controlfield tag="001">1646</controlfield><controlfield tag="003">NzReo</controlfield><controlfield tag="008">060524 n anznnbab|          || ana      </controlfield><datafield tag="040" ind1=" " ind2=" "><subfield code="a">Nz</subfield><subfield code="c">Nz</subfield><subfield code="f">reo</subfield></datafield><datafield tag="150" ind1=" " ind2=" "><subfield code="a">Tūrepo</subfield></datafield><datafield tag="450" ind1=" " ind2=" "><subfield code="a">Milk trees</subfield></datafield><datafield tag="450" ind1=" " ind2=" "><subfield code="a">Trees, Milk</subfield></datafield><datafield tag="550" ind1=" " ind2=" "><subfield code="w">g</subfield><subfield code="a">Mauwha</subfield></datafield><datafield tag="680" ind1=" " ind2=" "><subfield code="i">Whakamārama: He rākau ririki. He ririki anō ngā rau, hahae ana ngā uaua. Ka tapahia te tūrepo, mātotoru ana te rere o te tāwau.</subfield></datafield><datafield tag="680" ind1=" " ind2=" "><subfield code="i">Scope Note: A small tree with small leaves conspicuously veined underneath. When the bark is cut it exudes thick white sap. The berry is red. Streblus heterophyllus.</subfield></datafield></record>