<record><leader>00000nz  a2200000n  4500</leader><controlfield tag="001">1643</controlfield><controlfield tag="003">NzReo</controlfield><controlfield tag="008">060524 n anznnbab|          || ana      </controlfield><datafield tag="040" ind1=" " ind2=" "><subfield code="a">Nz</subfield><subfield code="c">Nz</subfield><subfield code="f">reo</subfield></datafield><datafield tag="150" ind1=" " ind2=" "><subfield code="a">Tutu (Mauwha)</subfield></datafield><datafield tag="450" ind1=" " ind2=" "><subfield code="a">Pūpākihi</subfield></datafield><datafield tag="450" ind1=" " ind2=" "><subfield code="a">Tāweku</subfield></datafield><datafield tag="550" ind1=" " ind2=" "><subfield code="w">g</subfield><subfield code="a">Mauwha</subfield></datafield><datafield tag="680" ind1=" " ind2=" "><subfield code="i">Whakamārama: He mauwha, he rākau ririki, he tārewarewa ngā rārā, he mohinuhinu, he tauaro ngā rau. Ranea ana ngā pua me ngā kākano, heoi he haurua.</subfield></datafield><datafield tag="680" ind1=" " ind2=" "><subfield code="i">Scope Note: A shrub or small tree with drooping branchlets of glossy opposite leaves. The flowers and berries are profuse, but most parts of the plant are very poisonous. Coriaria arborea.</subfield></datafield></record>