<record><leader>00000nz  a2200000n  4500</leader><controlfield tag="001">1644</controlfield><controlfield tag="003">NzReo</controlfield><controlfield tag="008">060524 n anznnbab|          || ana      </controlfield><datafield tag="040" ind1=" " ind2=" "><subfield code="a">Nz</subfield><subfield code="c">Nz</subfield><subfield code="f">reo</subfield></datafield><datafield tag="150" ind1=" " ind2=" "><subfield code="a">Tutu papa</subfield></datafield><datafield tag="450" ind1=" " ind2=" "><subfield code="a">Tutu heuheu</subfield></datafield><datafield tag="450" ind1=" " ind2=" "><subfield code="a">Small leaved tutus</subfield></datafield><datafield tag="550" ind1=" " ind2=" "><subfield code="w">g</subfield><subfield code="a">Mauwha</subfield></datafield><datafield tag="680" ind1=" " ind2=" "><subfield code="i">Whakamārama: He momo tutu ririki. Kei ngā wāhi mōheuheu kei ngā tahataha e tupu ana.</subfield></datafield><datafield tag="680" ind1=" " ind2=" "><subfield code="i">Scope Note: Small kinds of tutu found in subalpine country, including Coriaria angustissima, C. kingiana and C. plumosa. Coriaria spp.</subfield></datafield></record>