<record><leader>00000nz  a2200000n  4500</leader><controlfield tag="001">1704</controlfield><controlfield tag="003">NzReo</controlfield><controlfield tag="008">060524 n anznnbab|          || ana      </controlfield><datafield tag="040" ind1=" " ind2=" "><subfield code="a">Nz</subfield><subfield code="c">Nz</subfield><subfield code="f">reo</subfield></datafield><datafield tag="150" ind1=" " ind2=" "><subfield code="a">Tutukiwi</subfield></datafield><datafield tag="450" ind1=" " ind2=" "><subfield code="a">Banks' greenhoods</subfield></datafield><datafield tag="550" ind1=" " ind2=" "><subfield code="w">g</subfield><subfield code="a">Otaota</subfield></datafield><datafield tag="680" ind1=" " ind2=" "><subfield code="i">Whakamārama: He momo para, pērā i te kāikaika. Hei te koanga ka pua, he kāriki, he māwhero ngā kawekawe.</subfield></datafield><datafield tag="680" ind1=" " ind2=" "><subfield code="i">Scope Note: A spring flowering terrestrial orchid with a green flower with trailing pink points to the sepals (leaf buds). Pterostylis banksii.</subfield></datafield></record>