<record><leader>00000nz  a2200000n  4500</leader><controlfield tag="001">1894</controlfield><controlfield tag="003">NzReo</controlfield><controlfield tag="008">060524 n anznnbab|          || ana      </controlfield><datafield tag="040" ind1=" " ind2=" "><subfield code="a">Nz</subfield><subfield code="c">Nz</subfield><subfield code="f">reo</subfield></datafield><datafield tag="150" ind1=" " ind2=" "><subfield code="a">Tūtunāwai</subfield></datafield><datafield tag="450" ind1=" " ind2=" "><subfield code="a">Swamp willow weeds</subfield></datafield><datafield tag="450" ind1=" " ind2=" "><subfield code="a">Willow weeds, Swamp</subfield></datafield><datafield tag="550" ind1=" " ind2=" "><subfield code="w">g</subfield><subfield code="a">Otaota waimāori</subfield></datafield><datafield tag="680" ind1=" " ind2=" "><subfield code="i">Whakamārama: He otaota tipu i roto i te wai. He pīrahirahi, he māwhero ngā tātā. He koikoi, he whāiti ngā rau. He pango ngā pata.</subfield></datafield><datafield tag="680" ind1=" " ind2=" "><subfield code="i">Scope Note: A water-dwelling plant with fragile pink stems, lanceolate (spearshaped) leaves and small pink buds. The seeds are black. Polygonum decipiens.</subfield></datafield></record>