<record><leader>00000nz  a2200000n  4500</leader><controlfield tag="001">1515</controlfield><controlfield tag="003">NzReo</controlfield><controlfield tag="008">060511 n anznnbab|          || ana      </controlfield><datafield tag="040" ind1=" " ind2=" "><subfield code="a">Nz</subfield><subfield code="c">Nz</subfield><subfield code="f">reo</subfield></datafield><datafield tag="150" ind1=" " ind2=" "><subfield code="a">Tuturuatu</subfield></datafield><datafield tag="450" ind1=" " ind2=" "><subfield code="a">Plovers, Shore</subfield></datafield><datafield tag="450" ind1=" " ind2=" "><subfield code="a">Shore plovers</subfield></datafield><datafield tag="550" ind1=" " ind2=" "><subfield code="w">g</subfield><subfield code="a">Manu ki tātahi</subfield></datafield><datafield tag="680" ind1=" " ind2=" "><subfield code="i">Whakamārama: He manu rite ki te pohowera engari he mangu te mata, he whero ngā karu, me ngā waewae. Ko ngā ngutu he pango, he whero.</subfield></datafield><datafield tag="680" ind1=" " ind2=" "><subfield code="i">Scope Note: A bird resembling the pohowera/banded dotterel but with a black face, red eye, red legs and a black and red bill. Thinornis novaeseelandiae.</subfield></datafield></record>