<record><leader>00000nz  a2200000n  4500</leader><controlfield tag="001">994</controlfield><controlfield tag="003">NzReo</controlfield><controlfield tag="008">050831 n anznnbab|          || ana      </controlfield><datafield tag="040" ind1=" " ind2=" "><subfield code="a">Nz</subfield><subfield code="c">Nz</subfield><subfield code="f">reo</subfield></datafield><datafield tag="150" ind1=" " ind2=" "><subfield code="a">Uenuku</subfield></datafield><datafield tag="450" ind1=" " ind2=" "><subfield code="a">Kahurangi</subfield></datafield><datafield tag="450" ind1=" " ind2=" "><subfield code="a">Kopere</subfield></datafield><datafield tag="550" ind1=" " ind2=" "><subfield code="a">Āniwaniwa</subfield></datafield><datafield tag="550" ind1=" " ind2=" "><subfield code="a">Ngā tae</subfield></datafield><datafield tag="550" ind1=" " ind2=" "><subfield code="w">g</subfield><subfield code="a">Atua</subfield></datafield><datafield tag="680" ind1=" " ind2=" "><subfield code="i">Whakamārama: Nā Uenuku ngā tae o te kōpere.</subfield></datafield><datafield tag="680" ind1=" " ind2=" "><subfield code="i">Scope Note: The personification of the colours of the rainbow.</subfield></datafield></record>