<record><leader>00000nz  a2200000n  4500</leader><controlfield tag="001">2212</controlfield><controlfield tag="003">NzReo</controlfield><controlfield tag="008">060531 n anznnbab|          || ana      </controlfield><datafield tag="040" ind1=" " ind2=" "><subfield code="a">Nz</subfield><subfield code="c">Nz</subfield><subfield code="f">reo</subfield></datafield><datafield tag="150" ind1=" " ind2=" "><subfield code="a">Uhi ā Mataora</subfield></datafield><datafield tag="550" ind1=" " ind2=" "><subfield code="w">g</subfield><subfield code="a">Toi Māori</subfield></datafield><datafield tag="550" ind1=" " ind2=" "><subfield code="w">h</subfield><subfield code="a">Tā moko (Uhi)</subfield></datafield><datafield tag="680" ind1=" " ind2=" "><subfield code="i">Whakamārama: He tūturu te tā moko ki tā te tangata hiahia, ōtira momo toi te mahi uhi mataora.</subfield></datafield><datafield tag="680" ind1=" " ind2=" "><subfield code="i">Scope Note: The applied art form of traditional Māori tattoos.</subfield></datafield></record>