<record><leader>00000nz  a2200000n  4500</leader><controlfield tag="001">985</controlfield><controlfield tag="003">NzReo</controlfield><controlfield tag="008">050831 n anznnbab|          || ana      </controlfield><datafield tag="040" ind1=" " ind2=" "><subfield code="a">Nz</subfield><subfield code="c">Nz</subfield><subfield code="f">reo</subfield></datafield><datafield tag="150" ind1=" " ind2=" "><subfield code="a">Uira</subfield></datafield><datafield tag="450" ind1=" " ind2=" "><subfield code="a">Hiko (Āhua-o-te-rangi)</subfield></datafield><datafield tag="450" ind1=" " ind2=" "><subfield code="a">Lightning</subfield></datafield><datafield tag="550" ind1=" " ind2=" "><subfield code="a">Hine-te-Uira</subfield></datafield><datafield tag="550" ind1=" " ind2=" "><subfield code="w">g</subfield><subfield code="a">Āhua-o-te-rangi</subfield></datafield><datafield tag="550" ind1=" " ind2=" "><subfield code="w">g</subfield><subfield code="a">Atua</subfield></datafield><datafield tag="680" ind1=" " ind2=" "><subfield code="i">Scope Note: Traditional usage: the personification of lightning. Contemporary usage: flash of bright light produced by an electric discharge between clouds or cloud and ground.</subfield></datafield></record>