<record><leader>00000nz  a2200000n  4500</leader><controlfield tag="001">3367</controlfield><controlfield tag="003">NzReo</controlfield><controlfield tag="008">101221 n anznnbab|          || ana      </controlfield><datafield tag="040" ind1=" " ind2=" "><subfield code="a">Nz</subfield><subfield code="c">Nz</subfield><subfield code="f">reo</subfield></datafield><datafield tag="150" ind1=" " ind2=" "><subfield code="a">Uiuitanga</subfield></datafield><datafield tag="450" ind1=" " ind2=" "><subfield code="a">Patapatai</subfield></datafield><datafield tag="450" ind1=" " ind2=" "><subfield code="a">Uiuinga</subfield></datafield><datafield tag="450" ind1=" " ind2=" "><subfield code="a">Interviewing</subfield></datafield><datafield tag="450" ind1=" " ind2=" "><subfield code="a">Interviews</subfield></datafield><datafield tag="450" ind1=" " ind2=" "><subfield code="a">Questioning (Interviews)</subfield></datafield><datafield tag="550" ind1=" " ind2=" "><subfield code="a">Rangahau</subfield></datafield><datafield tag="550" ind1=" " ind2=" "><subfield code="w">g</subfield><subfield code="a">Kaikawe kōrero</subfield></datafield><datafield tag="550" ind1=" " ind2=" "><subfield code="w">g</subfield><subfield code="a">Kōrero</subfield></datafield><datafield tag="680" ind1=" " ind2=" "><subfield code="i">Whakamārama: Ka rite tonu te pātai i tētahi atu, i ētahi atu i whiua ai e ngā kaipatapatai, pērā i te kaikawe kōrero, i te kairangahau, i te māngai o te kamupene, i te pirihimana, i a wai ake. Tāpiria tēnei kupu ki ngā rauemi e hāngai ana ki te mahi uiui me ngā uiuitanga.</subfield></datafield><datafield tag="680" ind1=" " ind2=" "><subfield code="i">Scope Note: Questioning or interviewing people or groups. Includes interviewing by journalists, by researchers, for jobs, by the police, etc. Can be used for interviews, or works about interviews.</subfield></datafield></record>