<record><leader>00000nz  a2200000n  4500</leader><controlfield tag="001">2402</controlfield><controlfield tag="003">NzReo</controlfield><controlfield tag="008">060531 n anznnbab|          || ana      </controlfield><datafield tag="040" ind1=" " ind2=" "><subfield code="a">Nz</subfield><subfield code="c">Nz</subfield><subfield code="f">reo</subfield></datafield><datafield tag="150" ind1=" " ind2=" "><subfield code="a">Umanga</subfield></datafield><datafield tag="450" ind1=" " ind2=" "><subfield code="a">Business</subfield></datafield><datafield tag="550" ind1=" " ind2=" "><subfield code="a">Hua</subfield></datafield><datafield tag="550" ind1=" " ind2=" "><subfield code="a">Mana whakairo hinengaro</subfield></datafield><datafield tag="550" ind1=" " ind2=" "><subfield code="a">Pakihi</subfield></datafield><datafield tag="550" ind1=" " ind2=" "><subfield code="a">Rangahau Māori</subfield></datafield><datafield tag="550" ind1=" " ind2=" "><subfield code="a">Rūnanga ā-iwi</subfield></datafield><datafield tag="550" ind1=" " ind2=" "><subfield code="a">Tāpoi</subfield></datafield><datafield tag="550" ind1=" " ind2=" "><subfield code="a">Whakawhitiwhitinga kōrero</subfield></datafield><datafield tag="550" ind1=" " ind2=" "><subfield code="w">g</subfield><subfield code="a">Ohaoha</subfield></datafield><datafield tag="550" ind1=" " ind2=" "><subfield code="w">h</subfield><subfield code="a">Mahi kaute</subfield></datafield><datafield tag="550" ind1=" " ind2=" "><subfield code="w">h</subfield><subfield code="a">Mahi whakahaere</subfield></datafield><datafield tag="550" ind1=" " ind2=" "><subfield code="w">h</subfield><subfield code="a">Pūtea</subfield></datafield><datafield tag="550" ind1=" " ind2=" "><subfield code="w">h</subfield><subfield code="a">Tauhokohoko</subfield></datafield><datafield tag="680" ind1=" " ind2=" "><subfield code="i">Whakamārama: Te tirohanga o ngā mahi whakahaere.</subfield></datafield><datafield tag="680" ind1=" " ind2=" "><subfield code="i">Scope Note: The study of business, trade and commerce.</subfield></datafield></record>