<record><leader>00000nz  a2200000n  4500</leader><controlfield tag="001">1271</controlfield><controlfield tag="003">NzReo</controlfield><controlfield tag="008">060503 n anznnbab|          || ana      </controlfield><datafield tag="040" ind1=" " ind2=" "><subfield code="a">Nz</subfield><subfield code="c">Nz</subfield><subfield code="f">reo</subfield></datafield><datafield tag="150" ind1=" " ind2=" "><subfield code="a">Unaunahi</subfield></datafield><datafield tag="450" ind1=" " ind2=" "><subfield code="a">Carving patterns (Fish scales)</subfield></datafield><datafield tag="550" ind1=" " ind2=" "><subfield code="w">g</subfield><subfield code="a">Whakairo</subfield></datafield><datafield tag="680" ind1=" " ind2=" "><subfield code="i">Whakamārama: He momo whakairo tēnei e ōrite ana tana āhua ki te kiri o te ika, pērā i te unahi.</subfield></datafield><datafield tag="680" ind1=" " ind2=" "><subfield code="i">Scope Note: A carving pattern which is likened to the scales of a fish, e.g. snapper.</subfield></datafield></record>