<record><leader>00000nz  a2200000n  4500</leader><controlfield tag="001">422</controlfield><controlfield tag="003">NzReo</controlfield><controlfield tag="008">050506 n anznnbab|          || ana      </controlfield><datafield tag="040" ind1=" " ind2=" "><subfield code="a">Nz</subfield><subfield code="c">Nz</subfield><subfield code="f">reo</subfield></datafield><datafield tag="150" ind1=" " ind2=" "><subfield code="a">Ūnga waka</subfield></datafield><datafield tag="450" ind1=" " ind2=" "><subfield code="a">Ūranga waka</subfield></datafield><datafield tag="450" ind1=" " ind2=" "><subfield code="a">Landfalls of the great fleet</subfield></datafield><datafield tag="550" ind1=" " ind2=" "><subfield code="a">Tauranga (Waka)</subfield></datafield><datafield tag="550" ind1=" " ind2=" "><subfield code="w">g</subfield><subfield code="a">Waka</subfield></datafield><datafield tag="680" ind1=" " ind2=" "><subfield code="i">Whakamārama: Ko ngā wāhi i ū ai ngā waka.</subfield></datafield><datafield tag="680" ind1=" " ind2=" "><subfield code="i">Scope Note: Landing sites for waka/canoes.</subfield></datafield></record>