<record><leader>00000nz  a2200000n  4500</leader><controlfield tag="001">292</controlfield><controlfield tag="003">NzReo</controlfield><controlfield tag="008">060608 n anznnbab|          || ana      </controlfield><datafield tag="040" ind1=" " ind2=" "><subfield code="a">Nz</subfield><subfield code="c">Nz</subfield><subfield code="f">reo</subfield></datafield><datafield tag="150" ind1=" " ind2=" "><subfield code="a">Ūpoko (Paipera Tapu)</subfield></datafield><datafield tag="450" ind1=" " ind2=" "><subfield code="a">Bible, Books of the</subfield></datafield><datafield tag="450" ind1=" " ind2=" "><subfield code="a">Books of the Bible</subfield></datafield><datafield tag="550" ind1=" " ind2=" "><subfield code="a">Kāwenata Hou</subfield></datafield><datafield tag="550" ind1=" " ind2=" "><subfield code="a">Kāwenata Tawhito</subfield></datafield><datafield tag="550" ind1=" " ind2=" "><subfield code="w">g</subfield><subfield code="a">Paipera Tapu</subfield></datafield><datafield tag="680" ind1=" " ind2=" "><subfield code="i">Whakamārama: Ko ngā momo pukapuka, wahanga rānei o te Paipera Tapu.</subfield></datafield><datafield tag="680" ind1=" " ind2=" "><subfield code="i">Scope Note: Use this term to describe collected books or a single book of the Bible, such as the book of Genesis, or the gospel of Luke.</subfield></datafield></record>