<record><leader>00000nz  a2200000n  4500</leader><controlfield tag="001">2122</controlfield><controlfield tag="003">NzReo</controlfield><controlfield tag="008">060525 n anznnbab|          || ana      </controlfield><datafield tag="040" ind1=" " ind2=" "><subfield code="a">Nz</subfield><subfield code="c">Nz</subfield><subfield code="f">reo</subfield></datafield><datafield tag="150" ind1=" " ind2=" "><subfield code="a">Ūpokohue</subfield></datafield><datafield tag="450" ind1=" " ind2=" "><subfield code="a">Pilot whales</subfield></datafield><datafield tag="450" ind1=" " ind2=" "><subfield code="a">Whales, Pilot</subfield></datafield><datafield tag="550" ind1=" " ind2=" "><subfield code="w">g</subfield><subfield code="a">Wēra</subfield></datafield><datafield tag="680" ind1=" " ind2=" "><subfield code="i">Whakamārama: Ko te momo parāoa, rite ki te tahā te hanga o te ūpoko. Auau te pae ki ngā one mārakerake.</subfield></datafield><datafield tag="680" ind1=" " ind2=" "><subfield code="i">Scope Note: A medium-sized toothed whale with a bulbous head. It often strands in large numbers on exposed coasts. Globicephala melaena.</subfield></datafield></record>