<record><leader>00000nz  a2200000n  4500</leader><controlfield tag="001">509</controlfield><controlfield tag="003">NzReo</controlfield><controlfield tag="008">050624 n anznnbab|          || ana      </controlfield><datafield tag="040" ind1=" " ind2=" "><subfield code="a">Nz</subfield><subfield code="c">Nz</subfield><subfield code="f">reo</subfield></datafield><datafield tag="150" ind1=" " ind2=" "><subfield code="a">Urupā</subfield></datafield><datafield tag="450" ind1=" " ind2=" "><subfield code="a">Burial grounds</subfield></datafield><datafield tag="450" ind1=" " ind2=" "><subfield code="a">Cemeteries</subfield></datafield><datafield tag="550" ind1=" " ind2=" "><subfield code="a">Tangihanga</subfield></datafield><datafield tag="550" ind1=" " ind2=" "><subfield code="a">Waharoa</subfield></datafield><datafield tag="550" ind1=" " ind2=" "><subfield code="w">g</subfield><subfield code="a">Wāhi tapu</subfield></datafield><datafield tag="680" ind1=" " ind2=" "><subfield code="i">Whakamārama: He wāhi hei tanu i ngā tūpāpaku.</subfield></datafield><datafield tag="680" ind1=" " ind2=" "><subfield code="i">Scope Note: Land sites used for Māori burials.</subfield></datafield></record>