<record><leader>00000nz  a2200000n  4500</leader><controlfield tag="001">497</controlfield><controlfield tag="003">NzReo</controlfield><controlfield tag="008">050624 n anznnbab|          || ana      </controlfield><datafield tag="040" ind1=" " ind2=" "><subfield code="a">Nz</subfield><subfield code="c">Nz</subfield><subfield code="f">reo</subfield></datafield><datafield tag="150" ind1=" " ind2=" "><subfield code="a">Utu</subfield></datafield><datafield tag="450" ind1=" " ind2=" "><subfield code="a">Costs</subfield></datafield><datafield tag="450" ind1=" " ind2=" "><subfield code="a">Justice, Māori</subfield></datafield><datafield tag="450" ind1=" " ind2=" "><subfield code="a">Justice, Traditional</subfield></datafield><datafield tag="450" ind1=" " ind2=" "><subfield code="a">Law, Māori</subfield></datafield><datafield tag="450" ind1=" " ind2=" "><subfield code="a">Māori justice</subfield></datafield><datafield tag="450" ind1=" " ind2=" "><subfield code="a">Māori law</subfield></datafield><datafield tag="450" ind1=" " ind2=" "><subfield code="a">Retribution</subfield></datafield><datafield tag="550" ind1=" " ind2=" "><subfield code="a">Hikutoto</subfield></datafield><datafield tag="550" ind1=" " ind2=" "><subfield code="a">Mākutu</subfield></datafield><datafield tag="550" ind1=" " ind2=" "><subfield code="a">Matenga</subfield></datafield><datafield tag="550" ind1=" " ind2=" "><subfield code="a">Muru</subfield></datafield><datafield tag="550" ind1=" " ind2=" "><subfield code="a">Tāngata</subfield></datafield><datafield tag="550" ind1=" " ind2=" "><subfield code="a">Taua muru</subfield></datafield><datafield tag="550" ind1=" " ind2=" "><subfield code="a">Tohunga mākutu</subfield></datafield><datafield tag="550" ind1=" " ind2=" "><subfield code="a">Tuku whenua</subfield></datafield><datafield tag="550" ind1=" " ind2=" "><subfield code="w">g</subfield><subfield code="a">Pakanga</subfield></datafield><datafield tag="550" ind1=" " ind2=" "><subfield code="w">g</subfield><subfield code="a">Tikanga tuku iho</subfield></datafield><datafield tag="680" ind1=" " ind2=" "><subfield code="i">Whakamārama: Ko te tikanga whakaea i te mahi kino, kōrero kino, mate kino. I ēnei wā, ko te moni e tukuna ana mō te hoko taonga, taputapu rānei, mō ngā mahi rānei.</subfield></datafield><datafield tag="680" ind1=" " ind2=" "><subfield code="i">Scope Note: A principle of Māori justice, involving just retribution for insult, ill-will, etc. In modern times also used in the sense of "price".</subfield></datafield></record>