<record><leader>00000nz  a2200000n  4500</leader><controlfield tag="001">1706</controlfield><controlfield tag="003">NzReo</controlfield><controlfield tag="008">060524 n anznnbab|          || ana      </controlfield><datafield tag="040" ind1=" " ind2=" "><subfield code="a">Nz</subfield><subfield code="c">Nz</subfield><subfield code="f">reo</subfield></datafield><datafield tag="150" ind1=" " ind2=" "><subfield code="a">Uwhi</subfield></datafield><datafield tag="450" ind1=" " ind2=" "><subfield code="a">Uhi pūtake</subfield></datafield><datafield tag="450" ind1=" " ind2=" "><subfield code="a">Uwhikāho</subfield></datafield><datafield tag="450" ind1=" " ind2=" "><subfield code="a">Yams</subfield></datafield><datafield tag="550" ind1=" " ind2=" "><subfield code="w">g</subfield><subfield code="a">Hua whenua</subfield></datafield><datafield tag="550" ind1=" " ind2=" "><subfield code="w">g</subfield><subfield code="a">Otaota</subfield></datafield><datafield tag="680" ind1=" " ind2=" "><subfield code="i">Whakamārama: He momo kai i hēria mai i Hawaiiki. Ka whakatōkia, ko te pūtake i kainga. Kua kore noa atu i whakatipuria.</subfield></datafield><datafield tag="680" ind1=" " ind2=" "><subfield code="i">Scope Note: The plant which produces yam tubers. Introduced by Māori, it has never naturalised and does not survive in the wild. Dioscorea sativa. The most common yam of commerce is probably D. alata.</subfield></datafield></record>