<record><leader>00000nz  a2200000n  4500</leader><controlfield tag="001">1707</controlfield><controlfield tag="003">NzReo</controlfield><controlfield tag="008">060524 n anznnbab|          || ana      </controlfield><datafield tag="040" ind1=" " ind2=" "><subfield code="a">Nz</subfield><subfield code="c">Nz</subfield><subfield code="f">reo</subfield></datafield><datafield tag="150" ind1=" " ind2=" "><subfield code="a">Waewae koukou</subfield></datafield><datafield tag="450" ind1=" " ind2=" "><subfield code="a">Waekahu</subfield></datafield><datafield tag="450" ind1=" " ind2=" "><subfield code="a">Club mosses</subfield></datafield><datafield tag="450" ind1=" " ind2=" "><subfield code="a">Mosses, Club</subfield></datafield><datafield tag="550" ind1=" " ind2=" "><subfield code="w">g</subfield><subfield code="a">Otaota</subfield></datafield><datafield tag="680" ind1=" " ind2=" "><subfield code="i">Whakamārama: He mātukutuku tūtārere, he rite ngā rauhuru ki o te waewae kākā.</subfield></datafield><datafield tag="680" ind1=" " ind2=" "><subfield code="i">Scope Note: A wiry scrambling clubmoss. Lycopodium volubile.</subfield></datafield></record>