<record><leader>00000nz  a2200000n  4500</leader><controlfield tag="001">2341</controlfield><controlfield tag="003">NzReo</controlfield><controlfield tag="008">060531 n anznnbab|          || ana      </controlfield><datafield tag="040" ind1=" " ind2=" "><subfield code="a">Nz</subfield><subfield code="c">Nz</subfield><subfield code="f">reo</subfield></datafield><datafield tag="150" ind1=" " ind2=" "><subfield code="a">Wahaika</subfield></datafield><datafield tag="450" ind1=" " ind2=" "><subfield code="a">Rorehape</subfield></datafield><datafield tag="450" ind1=" " ind2=" "><subfield code="a">Wahangohi</subfield></datafield><datafield tag="550" ind1=" " ind2=" "><subfield code="w">g</subfield><subfield code="a">Rākau ā Tū</subfield></datafield><datafield tag="680" ind1=" " ind2=" "><subfield code="i">Whakamārama: He rākau nā Tūmatauenga. I tāraia ki te rākau, ki te parāoa rānei. He rau tapatahi, he manaia te whakairo kei tētahi tapa.</subfield></datafield><datafield tag="680" ind1=" " ind2=" "><subfield code="i">Scope Note: A hand weapon of wood or bone, with only one side used as a blade, the other with a manaia (an image resembling a reptile with a birdlike head) carving.</subfield></datafield></record>