<record><leader>00000nz  a2200000n  4500</leader><controlfield tag="001">4737</controlfield><controlfield tag="003">NzReo</controlfield><controlfield tag="008">151215 n anznnbab|          || ana      </controlfield><datafield tag="040" ind1=" " ind2=" "><subfield code="a">Nz</subfield><subfield code="c">Nz</subfield><subfield code="f">reo</subfield></datafield><datafield tag="150" ind1=" " ind2=" "><subfield code="a">Wahapū</subfield></datafield><datafield tag="450" ind1=" " ind2=" "><subfield code="a">Ngutuawa</subfield></datafield><datafield tag="450" ind1=" " ind2=" "><subfield code="a">Pūaha</subfield></datafield><datafield tag="450" ind1=" " ind2=" "><subfield code="a">Pūwaha</subfield></datafield><datafield tag="450" ind1=" " ind2=" "><subfield code="a">Whanga</subfield></datafield><datafield tag="450" ind1=" " ind2=" "><subfield code="a">Bays</subfield></datafield><datafield tag="450" ind1=" " ind2=" "><subfield code="a">Estuaries</subfield></datafield><datafield tag="450" ind1=" " ind2=" "><subfield code="a">Harbours</subfield></datafield><datafield tag="450" ind1=" " ind2=" "><subfield code="a">Mouths, River</subfield></datafield><datafield tag="450" ind1=" " ind2=" "><subfield code="a">River mouths</subfield></datafield><datafield tag="550" ind1=" " ind2=" "><subfield code="w">g</subfield><subfield code="a">Awa</subfield></datafield><datafield tag="550" ind1=" " ind2=" "><subfield code="w">g</subfield><subfield code="a">Moana</subfield></datafield><datafield tag="680" ind1=" " ind2=" "><subfield code="i">Scope Note: Use also for bays, coves and harbours.</subfield></datafield></record>