<record><leader>00000nz  a2200000n  4500</leader><controlfield tag="001">3575</controlfield><controlfield tag="003">NzReo</controlfield><controlfield tag="008">110603 n anznnbab|          || ana      </controlfield><datafield tag="040" ind1=" " ind2=" "><subfield code="a">Nz</subfield><subfield code="c">Nz</subfield><subfield code="f">reo</subfield></datafield><datafield tag="150" ind1=" " ind2=" "><subfield code="a">Waharoa</subfield></datafield><datafield tag="450" ind1=" " ind2=" "><subfield code="a">Kūaha</subfield></datafield><datafield tag="450" ind1=" " ind2=" "><subfield code="a">Kūwaha</subfield></datafield><datafield tag="450" ind1=" " ind2=" "><subfield code="a">Tomokanga</subfield></datafield><datafield tag="450" ind1=" " ind2=" "><subfield code="a">Entrances to marae</subfield></datafield><datafield tag="450" ind1=" " ind2=" "><subfield code="a">Entrances to pā</subfield></datafield><datafield tag="450" ind1=" " ind2=" "><subfield code="a">Entrances to urupā</subfield></datafield><datafield tag="450" ind1=" " ind2=" "><subfield code="a">Gateway entrances</subfield></datafield><datafield tag="550" ind1=" " ind2=" "><subfield code="a">Marae</subfield></datafield><datafield tag="550" ind1=" " ind2=" "><subfield code="a">Tikanga</subfield></datafield><datafield tag="550" ind1=" " ind2=" "><subfield code="a">Urupā</subfield></datafield><datafield tag="550" ind1=" " ind2=" "><subfield code="a">Whakairo</subfield></datafield><datafield tag="550" ind1=" " ind2=" "><subfield code="w">g</subfield><subfield code="a">Pā</subfield></datafield><datafield tag="680" ind1=" " ind2=" "><subfield code="i">Whakamārama: Te tomokanga matua e kuhu ai, e puta ai te tangata i te marae, ētahi wā, i te urupā hoki.</subfield></datafield><datafield tag="680" ind1=" " ind2=" "><subfield code="i">Scope Note: Entrances to fortified pā, or more strictly, the main walk or roadway in the pā, marae or sometimes, burial grounds.</subfield></datafield></record>