<record><leader>00000nz  a2200000n  4500</leader><controlfield tag="001">450</controlfield><controlfield tag="003">NzReo</controlfield><controlfield tag="008">050624 n anznnbab|          || ana      </controlfield><datafield tag="040" ind1=" " ind2=" "><subfield code="a">Nz</subfield><subfield code="c">Nz</subfield><subfield code="f">reo</subfield></datafield><datafield tag="150" ind1=" " ind2=" "><subfield code="a">Wāhi tapu</subfield></datafield><datafield tag="450" ind1=" " ind2=" "><subfield code="a">Sacred sites</subfield></datafield><datafield tag="450" ind1=" " ind2=" "><subfield code="a">Sites, Sacred</subfield></datafield><datafield tag="550" ind1=" " ind2=" "><subfield code="a">Tangihanga</subfield></datafield><datafield tag="550" ind1=" " ind2=" "><subfield code="a">Tapu</subfield></datafield><datafield tag="550" ind1=" " ind2=" "><subfield code="a">Whaipara tangata</subfield></datafield><datafield tag="550" ind1=" " ind2=" "><subfield code="w">g</subfield><subfield code="a">Whenua</subfield></datafield><datafield tag="550" ind1=" " ind2=" "><subfield code="w">h</subfield><subfield code="a">Tūāhu</subfield></datafield><datafield tag="550" ind1=" " ind2=" "><subfield code="w">h</subfield><subfield code="a">Urupā</subfield></datafield><datafield tag="680" ind1=" " ind2=" "><subfield code="i">Whakamārama: Ka rahuitia a ētahi wāhi o te whenua pērā i ngā urupā, i ngā kāinga tāwhito o mua noa atu.</subfield></datafield><datafield tag="680" ind1=" " ind2=" "><subfield code="i">Scope Note: Land placed under permanent tapu/restriction such as urupā/burial grounds and places used for rites and ceremonies (not temporary bans or restrictions (rāhui)).</subfield></datafield></record>