<record><leader>00000nz  a2200000n  4500</leader><controlfield tag="001">2314</controlfield><controlfield tag="003">NzReo</controlfield><controlfield tag="008">060531 n anznnbab|          || ana      </controlfield><datafield tag="040" ind1=" " ind2=" "><subfield code="a">Nz</subfield><subfield code="c">Nz</subfield><subfield code="f">reo</subfield></datafield><datafield tag="150" ind1=" " ind2=" "><subfield code="a">Wāhine</subfield></datafield><datafield tag="450" ind1=" " ind2=" "><subfield code="a">Wahine</subfield></datafield><datafield tag="450" ind1=" " ind2=" "><subfield code="a">Women</subfield></datafield><datafield tag="550" ind1=" " ind2=" "><subfield code="a">Hineahuone</subfield></datafield><datafield tag="550" ind1=" " ind2=" "><subfield code="a">Ira wahine</subfield></datafield><datafield tag="550" ind1=" " ind2=" "><subfield code="a">Mana wahine</subfield></datafield><datafield tag="550" ind1=" " ind2=" "><subfield code="w">g</subfield><subfield code="a">Tāngata whenua</subfield></datafield><datafield tag="550" ind1=" " ind2=" "><subfield code="w">h</subfield><subfield code="a">Hapū (Wāhine)</subfield></datafield><datafield tag="550" ind1=" " ind2=" "><subfield code="w">h</subfield><subfield code="a">Puhi</subfield></datafield><datafield tag="550" ind1=" " ind2=" "><subfield code="w">h</subfield><subfield code="a">Te Awa Atua</subfield></datafield><datafield tag="550" ind1=" " ind2=" "><subfield code="w">h</subfield><subfield code="a">Wahine matua</subfield></datafield><datafield tag="550" ind1=" " ind2=" "><subfield code="w">h</subfield><subfield code="a">Whare tangata</subfield></datafield><datafield tag="550" ind1=" " ind2=" "><subfield code="w">h</subfield><subfield code="a">Whenua (Wāhine)</subfield></datafield><datafield tag="680" ind1=" " ind2=" "><subfield code="i">Whakamārama: Koia nei te kupu e rite ana mō ngā korero mō ngā wāhine Māori.</subfield></datafield><datafield tag="680" ind1=" " ind2=" "><subfield code="i">Scope Note: Use this term for material about Māori women.</subfield></datafield></record>