<record><leader>00000nz  a2200000n  4500</leader><controlfield tag="001">1807</controlfield><controlfield tag="003">NzReo</controlfield><controlfield tag="008">060524 n anznnbab|          || ana      </controlfield><datafield tag="040" ind1=" " ind2=" "><subfield code="a">Nz</subfield><subfield code="c">Nz</subfield><subfield code="f">reo</subfield></datafield><datafield tag="150" ind1=" " ind2=" "><subfield code="a">Wai harakeke</subfield></datafield><datafield tag="550" ind1=" " ind2=" "><subfield code="a">Pia mānuka</subfield></datafield><datafield tag="550" ind1=" " ind2=" "><subfield code="w">g</subfield><subfield code="a">Harakeke</subfield></datafield><datafield tag="550" ind1=" " ind2=" "><subfield code="w">g</subfield><subfield code="a">Rongoā</subfield></datafield><datafield tag="680" ind1=" " ind2=" "><subfield code="i">Whakamārama: He rongoa. Kōhuatia ai he take harakeke, ka inu i te wai. Te kawa ke!</subfield></datafield><datafield tag="680" ind1=" " ind2=" "><subfield code="i">Scope Note: A medicine made by boiling the roots of the flax, the liquid being drunk.</subfield></datafield></record>