<record><leader>00000nz  a2200000n  4500</leader><controlfield tag="001">1808</controlfield><controlfield tag="003">NzReo</controlfield><controlfield tag="008">060524 n anznnbab|          || ana      </controlfield><datafield tag="040" ind1=" " ind2=" "><subfield code="a">Nz</subfield><subfield code="c">Nz</subfield><subfield code="f">reo</subfield></datafield><datafield tag="150" ind1=" " ind2=" "><subfield code="a">Wai kōrari</subfield></datafield><datafield tag="450" ind1=" " ind2=" "><subfield code="a">Ngongo kōrari</subfield></datafield><datafield tag="450" ind1=" " ind2=" "><subfield code="a">Flax nectars</subfield></datafield><datafield tag="550" ind1=" " ind2=" "><subfield code="a">Pia mānuka</subfield></datafield><datafield tag="550" ind1=" " ind2=" "><subfield code="a">Wai kaihua</subfield></datafield><datafield tag="550" ind1=" " ind2=" "><subfield code="w">g</subfield><subfield code="a">Harakeke</subfield></datafield><datafield tag="550" ind1=" " ind2=" "><subfield code="w">g</subfield><subfield code="a">Wai honga</subfield></datafield><datafield tag="680" ind1=" " ind2=" "><subfield code="i">Whakamārama: Ko te wai honga o ngā pua o te harakeke.</subfield></datafield><datafield tag="680" ind1=" " ind2=" "><subfield code="i">Scope Note: The nectar of the flowers of harakeke/flax.</subfield></datafield></record>