<record><leader>00000nz  a2200000n  4500</leader><controlfield tag="001">2504</controlfield><controlfield tag="003">NzReo</controlfield><controlfield tag="008">060531 n anznnbab|          || ana      </controlfield><datafield tag="040" ind1=" " ind2=" "><subfield code="a">Nz</subfield><subfield code="c">Nz</subfield><subfield code="f">reo</subfield></datafield><datafield tag="150" ind1=" " ind2=" "><subfield code="a">Wai Māori</subfield></datafield><datafield tag="450" ind1=" " ind2=" "><subfield code="a">Fresh water</subfield></datafield><datafield tag="550" ind1=" " ind2=" "><subfield code="a">Wai tai</subfield></datafield><datafield tag="550" ind1=" " ind2=" "><subfield code="w">g</subfield><subfield code="a">Wai</subfield></datafield><datafield tag="680" ind1=" " ind2=" "><subfield code="i">Whakamārama: Ko ngā wai o ngā awa, o ngā roto, o ngā puna, hei inu.</subfield></datafield><datafield tag="680" ind1=" " ind2=" "><subfield code="i">Scope Note: Freshwater of all kinds; drinkable water.</subfield></datafield></record>