<record><leader>00000nz  a2200000n  4500</leader><controlfield tag="001">2520</controlfield><controlfield tag="003">NzReo</controlfield><controlfield tag="008">060531 n anznnbab|          || ana      </controlfield><datafield tag="040" ind1=" " ind2=" "><subfield code="a">Nz</subfield><subfield code="c">Nz</subfield><subfield code="f">reo</subfield></datafield><datafield tag="150" ind1=" " ind2=" "><subfield code="a">Wai ngārahu</subfield></datafield><datafield tag="450" ind1=" " ind2=" "><subfield code="a">Ngārahu</subfield></datafield><datafield tag="450" ind1=" " ind2=" "><subfield code="a">Ngārehu</subfield></datafield><datafield tag="450" ind1=" " ind2=" "><subfield code="a">Pigments</subfield></datafield><datafield tag="550" ind1=" " ind2=" "><subfield code="a">Tā moko (Tā ngira)</subfield></datafield><datafield tag="550" ind1=" " ind2=" "><subfield code="a">Tā moko (Uhi)</subfield></datafield><datafield tag="550" ind1=" " ind2=" "><subfield code="a">Wai whakataerangi</subfield></datafield><datafield tag="550" ind1=" " ind2=" "><subfield code="w">g</subfield><subfield code="a">Wai</subfield></datafield><datafield tag="680" ind1=" " ind2=" "><subfield code="i">Whakamārama: Ko ngā wai tā moko me kōnatunatu te ngārahu ki te wai rākau.</subfield></datafield><datafield tag="680" ind1=" " ind2=" "><subfield code="i">Scope Note: A liquid pigment used in tattooing, made from sap mixed with soot.</subfield></datafield></record>