<record><leader>00000nz  a2200000n  4500</leader><controlfield tag="001">2507</controlfield><controlfield tag="003">NzReo</controlfield><controlfield tag="008">060531 n anznnbab|          || ana      </controlfield><datafield tag="040" ind1=" " ind2=" "><subfield code="a">Nz</subfield><subfield code="c">Nz</subfield><subfield code="f">reo</subfield></datafield><datafield tag="150" ind1=" " ind2=" "><subfield code="a">Wai tapu</subfield></datafield><datafield tag="550" ind1=" " ind2=" "><subfield code="a">Karakia</subfield></datafield><datafield tag="550" ind1=" " ind2=" "><subfield code="a">Tapu</subfield></datafield><datafield tag="550" ind1=" " ind2=" "><subfield code="w">g</subfield><subfield code="a">Wai</subfield></datafield><datafield tag="680" ind1=" " ind2=" "><subfield code="i">Whakamārama: Mā te karakia e whakatapu. Hei whakaora tūroro, mō te tohi, mō te pure, mō te whakanoa me ērā āhua</subfield></datafield><datafield tag="680" ind1=" " ind2=" "><subfield code="i">Scope Note: Waters made tapu/sacred by karakia/prayers, having cultural and spiritual significance.</subfield></datafield></record>