<record><leader>00000nz  a2200000n  4500</leader><controlfield tag="001">2519</controlfield><controlfield tag="003">NzReo</controlfield><controlfield tag="008">060531 n anznnbab|          || ana      </controlfield><datafield tag="040" ind1=" " ind2=" "><subfield code="a">Nz</subfield><subfield code="c">Nz</subfield><subfield code="f">reo</subfield></datafield><datafield tag="150" ind1=" " ind2=" "><subfield code="a">Wai whakataerangi</subfield></datafield><datafield tag="550" ind1=" " ind2=" "><subfield code="a">Wai ngārahu</subfield></datafield><datafield tag="550" ind1=" " ind2=" "><subfield code="w">g</subfield><subfield code="a">Wai rākau</subfield></datafield><datafield tag="680" ind1=" " ind2=" "><subfield code="i">Whakamārama: Ko te wai o te māhoe, o te poroporo, o te tī, ka hanumi ki te ahowhare hei tae mō te moko.</subfield></datafield><datafield tag="680" ind1=" " ind2=" "><subfield code="i">Scope Note: Plant sap of māhoe, poroporo and tī, mixed with soot to produce wai ngarahu/pigment used for moko/tattoo patterns.</subfield></datafield></record>