<record><leader>00000nz  a2200000n  4500</leader><controlfield tag="001">2518</controlfield><controlfield tag="003">NzReo</controlfield><controlfield tag="008">060531 n anznnbab|          || ana      </controlfield><datafield tag="040" ind1=" " ind2=" "><subfield code="a">Nz</subfield><subfield code="c">Nz</subfield><subfield code="f">reo</subfield></datafield><datafield tag="150" ind1=" " ind2=" "><subfield code="a">Waiariki</subfield></datafield><datafield tag="450" ind1=" " ind2=" "><subfield code="a">Hot springs</subfield></datafield><datafield tag="450" ind1=" " ind2=" "><subfield code="a">Springs, Hot</subfield></datafield><datafield tag="450" ind1=" " ind2=" "><subfield code="a">Springs, Thermal</subfield></datafield><datafield tag="450" ind1=" " ind2=" "><subfield code="a">Thermal springs</subfield></datafield><datafield tag="550" ind1=" " ind2=" "><subfield code="a">Puna waimāori</subfield></datafield><datafield tag="550" ind1=" " ind2=" "><subfield code="w">g</subfield><subfield code="a">Wai</subfield></datafield><datafield tag="550" ind1=" " ind2=" "><subfield code="w">h</subfield><subfield code="a">Ngāwhā</subfield></datafield><datafield tag="680" ind1=" " ind2=" "><subfield code="i">Whakamārama: He puna waiariki e hu ake ana i te whenua.</subfield></datafield><datafield tag="680" ind1=" " ind2=" "><subfield code="i">Scope Note: Geothermal hot springs in volcanic areas used for cooking, etc.</subfield></datafield></record>