<record><leader>00000nz  a2200000n  4500</leader><controlfield tag="001">741</controlfield><controlfield tag="003">NzReo</controlfield><controlfield tag="008">050825 n anznnbab|          || ana      </controlfield><datafield tag="040" ind1=" " ind2=" "><subfield code="a">Nz</subfield><subfield code="c">Nz</subfield><subfield code="f">reo</subfield></datafield><datafield tag="150" ind1=" " ind2=" "><subfield code="a">Waiata aroha</subfield></datafield><datafield tag="450" ind1=" " ind2=" "><subfield code="a">Love songs (Longing)</subfield></datafield><datafield tag="450" ind1=" " ind2=" "><subfield code="a">Songs of love (Longing)</subfield></datafield><datafield tag="550" ind1=" " ind2=" "><subfield code="a">Waiata whaiāipo</subfield></datafield><datafield tag="550" ind1=" " ind2=" "><subfield code="w">g</subfield><subfield code="a">Mōteatea</subfield></datafield><datafield tag="680" ind1=" " ind2=" "><subfield code="i">Whakamārama: He waiata aroha.</subfield></datafield><datafield tag="680" ind1=" " ind2=" "><subfield code="i">Scope Note: Songs expressing longing and love which may not be reciprocated.</subfield></datafield></record>