<record><leader>00000nz  a2200000n  4500</leader><controlfield tag="001">720</controlfield><controlfield tag="003">NzReo</controlfield><controlfield tag="008">050825 n anznnbab|          || ana      </controlfield><datafield tag="040" ind1=" " ind2=" "><subfield code="a">Nz</subfield><subfield code="c">Nz</subfield><subfield code="f">reo</subfield></datafield><datafield tag="150" ind1=" " ind2=" "><subfield code="a">Waiata koroua</subfield></datafield><datafield tag="450" ind1=" " ind2=" "><subfield code="a">Chants, Traditional</subfield></datafield><datafield tag="450" ind1=" " ind2=" "><subfield code="a">Songs, Māori (Traditional)</subfield></datafield><datafield tag="450" ind1=" " ind2=" "><subfield code="a">Traditional chants</subfield></datafield><datafield tag="450" ind1=" " ind2=" "><subfield code="a">Traditional Māori songs</subfield></datafield><datafield tag="550" ind1=" " ind2=" "><subfield code="a">Haka</subfield></datafield><datafield tag="550" ind1=" " ind2=" "><subfield code="a">Kaitito waiata</subfield></datafield><datafield tag="550" ind1=" " ind2=" "><subfield code="w">g</subfield><subfield code="a">Waiata</subfield></datafield><datafield tag="550" ind1=" " ind2=" "><subfield code="w">h</subfield><subfield code="a">Mōteatea</subfield></datafield><datafield tag="550" ind1=" " ind2=" "><subfield code="w">h</subfield><subfield code="a">Ngeri</subfield></datafield><datafield tag="550" ind1=" " ind2=" "><subfield code="w">h</subfield><subfield code="a">Oriori</subfield></datafield><datafield tag="550" ind1=" " ind2=" "><subfield code="w">h</subfield><subfield code="a">Pao</subfield></datafield><datafield tag="550" ind1=" " ind2=" "><subfield code="w">h</subfield><subfield code="a">Pātere</subfield></datafield><datafield tag="550" ind1=" " ind2=" "><subfield code="w">h</subfield><subfield code="a">Rotarota</subfield></datafield><datafield tag="550" ind1=" " ind2=" "><subfield code="w">h</subfield><subfield code="a">Ruri</subfield></datafield><datafield tag="550" ind1=" " ind2=" "><subfield code="w">h</subfield><subfield code="a">Waiata whaiāipo</subfield></datafield><datafield tag="680" ind1=" " ind2=" "><subfield code="i">Whakamārama: Ko te kaupapa o tēnei mahi he whakaako i a koutou ki te titiro ki ngā waiata i whakarērea mai e ō tātou koroua, kuia ki a tātou hei taonga mā tātou, ā, hei pupuri anō hoki mā tātou.</subfield></datafield><datafield tag="680" ind1=" " ind2=" "><subfield code="i">Scope Note: Traditional chants or songs treasured by all and handed down from Māori ancestors containing messages used to teach future generations.</subfield></datafield></record>