<record><leader>00000nz  a2200000n  4500</leader><controlfield tag="001">739</controlfield><controlfield tag="003">NzReo</controlfield><controlfield tag="008">050825 n anznnbab|          || ana      </controlfield><datafield tag="040" ind1=" " ind2=" "><subfield code="a">Nz</subfield><subfield code="c">Nz</subfield><subfield code="f">reo</subfield></datafield><datafield tag="150" ind1=" " ind2=" "><subfield code="a">Waiata tangi</subfield></datafield><datafield tag="450" ind1=" " ind2=" "><subfield code="a">Laments (Requiems)</subfield></datafield><datafield tag="450" ind1=" " ind2=" "><subfield code="a">Requiems (Laments)</subfield></datafield><datafield tag="550" ind1=" " ind2=" "><subfield code="a">Apakura</subfield></datafield><datafield tag="550" ind1=" " ind2=" "><subfield code="a">Maimai aroha</subfield></datafield><datafield tag="550" ind1=" " ind2=" "><subfield code="w">g</subfield><subfield code="a">Mōteatea</subfield></datafield><datafield tag="680" ind1=" " ind2=" "><subfield code="i">Whakamārama: Ko te nuinga o ēnei momo waiata te putanga mai o ngā kōrero kikino, ngā kohukohu, ngā matenga, ngā whakatutuanga onamata.</subfield></datafield><datafield tag="680" ind1=" " ind2=" "><subfield code="i">Scope Note: Many of these types of songs were traditionally inspired by accidental death, murder or death in war. See also: Apakura (Dirges (Laments)).</subfield></datafield></record>