<record><leader>00000nz  a2200000n  4500</leader><controlfield tag="001">721</controlfield><controlfield tag="003">NzReo</controlfield><controlfield tag="008">050825 n anznnbab|          || ana      </controlfield><datafield tag="040" ind1=" " ind2=" "><subfield code="a">Nz</subfield><subfield code="c">Nz</subfield><subfield code="f">reo</subfield></datafield><datafield tag="150" ind1=" " ind2=" "><subfield code="a">Waiata tira</subfield></datafield><datafield tag="450" ind1=" " ind2=" "><subfield code="a">Choral songs</subfield></datafield><datafield tag="450" ind1=" " ind2=" "><subfield code="a">Songs, Choral</subfield></datafield><datafield tag="550" ind1=" " ind2=" "><subfield code="a">Waiata</subfield></datafield><datafield tag="550" ind1=" " ind2=" "><subfield code="w">g</subfield><subfield code="a">Kapa haka</subfield></datafield><datafield tag="680" ind1=" " ind2=" "><subfield code="i">Whakamārama: He waiata ā rōpu.</subfield></datafield><datafield tag="680" ind1=" " ind2=" "><subfield code="i">Scope Note: A choral group performance.</subfield></datafield></record>