<record><leader>00000nz  a2200000n  4500</leader><controlfield tag="001">740</controlfield><controlfield tag="003">NzReo</controlfield><controlfield tag="008">050825 n anznnbab|          || ana      </controlfield><datafield tag="040" ind1=" " ind2=" "><subfield code="a">Nz</subfield><subfield code="c">Nz</subfield><subfield code="f">reo</subfield></datafield><datafield tag="150" ind1=" " ind2=" "><subfield code="a">Waiata whaiāipo</subfield></datafield><datafield tag="450" ind1=" " ind2=" "><subfield code="a">Love songs (to a lover)</subfield></datafield><datafield tag="450" ind1=" " ind2=" "><subfield code="a">Songs to a lover</subfield></datafield><datafield tag="550" ind1=" " ind2=" "><subfield code="a">Waiata aroha</subfield></datafield><datafield tag="550" ind1=" " ind2=" "><subfield code="w">g</subfield><subfield code="a">Waiata koroua</subfield></datafield><datafield tag="680" ind1=" " ind2=" "><subfield code="i">Whakamārama: He waiata e aroha atu ana a te wāhine ki a te tāne.</subfield></datafield><datafield tag="680" ind1=" " ind2=" "><subfield code="i">Scope Note: Songs of love addressed to a sweetheart.</subfield></datafield></record>