<record><leader>00000nz  a2200000n  4500</leader><controlfield tag="001">2143</controlfield><controlfield tag="003">NzReo</controlfield><controlfield tag="008">060529 n anznnbab|          || ana      </controlfield><datafield tag="040" ind1=" " ind2=" "><subfield code="a">Nz</subfield><subfield code="c">Nz</subfield><subfield code="f">reo</subfield></datafield><datafield tag="150" ind1=" " ind2=" "><subfield code="a">Wairua</subfield></datafield><datafield tag="450" ind1=" " ind2=" "><subfield code="a">Spirits</subfield></datafield><datafield tag="550" ind1=" " ind2=" "><subfield code="a">Ao wairua</subfield></datafield><datafield tag="550" ind1=" " ind2=" "><subfield code="a">Atua</subfield></datafield><datafield tag="550" ind1=" " ind2=" "><subfield code="a">Paipera Tapu</subfield></datafield><datafield tag="550" ind1=" " ind2=" "><subfield code="w">g</subfield><subfield code="a">Tikanga tuku iho</subfield></datafield><datafield tag="550" ind1=" " ind2=" "><subfield code="w">h</subfield><subfield code="a">Taniwha</subfield></datafield><datafield tag="680" ind1=" " ind2=" "><subfield code="i">Whakamārama: Ka mate te tangata, ka wehe te wairua, ka tomo ki te Ao Wairua.</subfield></datafield><datafield tag="680" ind1=" " ind2=" "><subfield code="i">Scope Note: Wairua are spirits. At a person's death the wairua is freed from the tinana/body and enters the Ao Wairua.</subfield></datafield></record>