<record><leader>00000nz  a2200000n  4500</leader><controlfield tag="001">2238</controlfield><controlfield tag="003">NzReo</controlfield><controlfield tag="008">060531 n anznnbab|          || ana      </controlfield><datafield tag="040" ind1=" " ind2=" "><subfield code="a">Nz</subfield><subfield code="c">Nz</subfield><subfield code="f">reo</subfield></datafield><datafield tag="150" ind1=" " ind2=" "><subfield code="a">Wairua (Tā moko)</subfield></datafield><datafield tag="450" ind1=" " ind2=" "><subfield code="a">Tattoos, Facial</subfield></datafield><datafield tag="550" ind1=" " ind2=" "><subfield code="w">g</subfield><subfield code="a">Tā moko (Tā ngira)</subfield></datafield><datafield tag="550" ind1=" " ind2=" "><subfield code="w">g</subfield><subfield code="a">Tā moko (Uhi)</subfield></datafield><datafield tag="680" ind1=" " ind2=" "><subfield code="i">Whakamārama: Kei raro i ngā ngutu tēnei tā moko, engari kare i runga i te kauwae.</subfield></datafield><datafield tag="680" ind1=" " ind2=" "><subfield code="i">Scope Note: The facial tattoo pattern beneath the lower lip extending to the outer edge of the mouth rays.</subfield></datafield></record>