<record><leader>00000nz  a2200000n  4500</leader><controlfield tag="001">1708</controlfield><controlfield tag="003">NzReo</controlfield><controlfield tag="008">060524 n anznnbab|          || ana      </controlfield><datafield tag="040" ind1=" " ind2=" "><subfield code="a">Nz</subfield><subfield code="c">Nz</subfield><subfield code="f">reo</subfield></datafield><datafield tag="150" ind1=" " ind2=" "><subfield code="a">Waiū o kahukura</subfield></datafield><datafield tag="450" ind1=" " ind2=" "><subfield code="a">Sea spurges</subfield></datafield><datafield tag="450" ind1=" " ind2=" "><subfield code="a">Shore spurges</subfield></datafield><datafield tag="450" ind1=" " ind2=" "><subfield code="a">Spurges, Sea</subfield></datafield><datafield tag="550" ind1=" " ind2=" "><subfield code="w">g</subfield><subfield code="a">Otaota</subfield></datafield><datafield tag="680" ind1=" " ind2=" "><subfield code="i">Whakamārama: He momo otaota tawau, tupu ai i te takutai moana.</subfield></datafield><datafield tag="680" ind1=" " ind2=" "><subfield code="i">Scope Note: A plant with milky sap, usually found near the sea. Euphorbia glauca.</subfield></datafield></record>