<record><leader>00000nz  a2200000n  4500</leader><controlfield tag="001">2795</controlfield><controlfield tag="003">NzReo</controlfield><controlfield tag="008">091027 n anznnbab|          || ana      </controlfield><datafield tag="040" ind1=" " ind2=" "><subfield code="a">Nz</subfield><subfield code="c">Nz</subfield><subfield code="f">reo</subfield></datafield><datafield tag="150" ind1=" " ind2=" "><subfield code="a">Waka (Whakapapa)</subfield></datafield><datafield tag="450" ind1=" " ind2=" "><subfield code="a">Federation of tribes</subfield></datafield><datafield tag="450" ind1=" " ind2=" "><subfield code="a">Tribes, Federation of</subfield></datafield><datafield tag="550" ind1=" " ind2=" "><subfield code="a">Tāngata whenua</subfield></datafield><datafield tag="550" ind1=" " ind2=" "><subfield code="a">Waka</subfield></datafield><datafield tag="550" ind1=" " ind2=" "><subfield code="w">g</subfield><subfield code="a">Whakapapa</subfield></datafield><datafield tag="550" ind1=" " ind2=" "><subfield code="w">h</subfield><subfield code="a">Iwi</subfield></datafield><datafield tag="680" ind1=" " ind2=" "><subfield code="i">Whakamārama: Ko waka he momo karangatanga hei whakakotahi i ētahi iwi.</subfield></datafield><datafield tag="680" ind1=" " ind2=" "><subfield code="i">Scope Note: Federation of tribes.</subfield></datafield></record>