<record><leader>00000nz  a2200000n  4500</leader><controlfield tag="001">391</controlfield><controlfield tag="003">NzReo</controlfield><controlfield tag="008">050506 n anznnbab|          || ana      </controlfield><datafield tag="040" ind1=" " ind2=" "><subfield code="a">Nz</subfield><subfield code="c">Nz</subfield><subfield code="f">reo</subfield></datafield><datafield tag="150" ind1=" " ind2=" "><subfield code="a">Waka ama</subfield></datafield><datafield tag="450" ind1=" " ind2=" "><subfield code="a">Waka amatiatia</subfield></datafield><datafield tag="450" ind1=" " ind2=" "><subfield code="a">Canoes, Outrigger</subfield></datafield><datafield tag="450" ind1=" " ind2=" "><subfield code="a">Outrigger canoes</subfield></datafield><datafield tag="550" ind1=" " ind2=" "><subfield code="a">Ama</subfield></datafield><datafield tag="550" ind1=" " ind2=" "><subfield code="a">Hāereere awa</subfield></datafield><datafield tag="550" ind1=" " ind2=" "><subfield code="a">Haumaru ā-waka (Waka ama)</subfield></datafield><datafield tag="550" ind1=" " ind2=" "><subfield code="w">g</subfield><subfield code="a">Waka</subfield></datafield><datafield tag="680" ind1=" " ind2=" "><subfield code="i">Whakamārama: Ko te waka ama, he waka whāiti, kotahi te paepae hei kawe i ngā tāngata, kotahi anō kei te taha kia tika ai te tere i te wai.</subfield></datafield><datafield tag="680" ind1=" " ind2=" "><subfield code="i">Scope Note: Waka/canoes with an outrigger. See also: Ama.</subfield></datafield></record>