<record><leader>00000nz  a2200000n  4500</leader><controlfield tag="001">444</controlfield><controlfield tag="003">NzReo</controlfield><controlfield tag="008">050506 n anznnbab|          || ana      </controlfield><datafield tag="040" ind1=" " ind2=" "><subfield code="a">Nz</subfield><subfield code="c">Nz</subfield><subfield code="f">reo</subfield></datafield><datafield tag="150" ind1=" " ind2=" "><subfield code="a">Waka huia</subfield></datafield><datafield tag="450" ind1=" " ind2=" "><subfield code="a">Huia feather boxes</subfield></datafield><datafield tag="550" ind1=" " ind2=" "><subfield code="w">g</subfield><subfield code="a">Waka</subfield></datafield><datafield tag="680" ind1=" " ind2=" "><subfield code="i">Whakamārama: He pouaka whakairo hei mau i ngā raukura huia. I ēnei wā ko te pouaka hei, he mea hei mau i ngā taonga pērā i te hei tiki.</subfield></datafield><datafield tag="680" ind1=" " ind2=" "><subfield code="i">Scope Note: Traditional usage: carved boxes for huia feathers. Contemporary usage: carved boxes for holding treasured items.</subfield></datafield></record>