<record><leader>00000nz  a2200000n  4500</leader><controlfield tag="001">208</controlfield><controlfield tag="003">NzReo</controlfield><controlfield tag="008">060606 n anznnbab|          || ana      </controlfield><datafield tag="040" ind1=" " ind2=" "><subfield code="a">Nz</subfield><subfield code="c">Nz</subfield><subfield code="f">reo</subfield></datafield><datafield tag="150" ind1=" " ind2=" "><subfield code="a">Waka kōpiko tuaranga</subfield></datafield><datafield tag="450" ind1=" " ind2=" "><subfield code="a">Space shuttles</subfield></datafield><datafield tag="550" ind1=" " ind2=" "><subfield code="a">Mātauranga waka tuarangi</subfield></datafield><datafield tag="550" ind1=" " ind2=" "><subfield code="w">g</subfield><subfield code="a">Waka tuarangi</subfield></datafield><datafield tag="680" ind1=" " ind2=" "><subfield code="i">Whakamārama: He momo waka ātea.</subfield></datafield><datafield tag="680" ind1=" " ind2=" "><subfield code="i">Scope Note: Space shuttle.</subfield></datafield></record>