<record><leader>00000nz  a2200000n  4500</leader><controlfield tag="001">395</controlfield><controlfield tag="003">NzReo</controlfield><controlfield tag="008">050506 n anznnbab|          || ana      </controlfield><datafield tag="040" ind1=" " ind2=" "><subfield code="a">Nz</subfield><subfield code="c">Nz</subfield><subfield code="f">reo</subfield></datafield><datafield tag="150" ind1=" " ind2=" "><subfield code="a">Waka kōtore puni</subfield></datafield><datafield tag="550" ind1=" " ind2=" "><subfield code="a">Waka haumi</subfield></datafield><datafield tag="550" ind1=" " ind2=" "><subfield code="a">Waka pātua</subfield></datafield><datafield tag="550" ind1=" " ind2=" "><subfield code="w">g</subfield><subfield code="a">Waka</subfield></datafield><datafield tag="680" ind1=" " ind2=" "><subfield code="i">Whakamārama: He momo waka, i hāua i te rākau toitū.</subfield></datafield><datafield tag="680" ind1=" " ind2=" "><subfield code="i">Scope Note: Waka/canoes formed in a single piece rather than from joined sections.</subfield></datafield></record>