<record><leader>00000nz  a2200000n  4500</leader><controlfield tag="001">2764</controlfield><controlfield tag="003">NzReo</controlfield><controlfield tag="008">071030 n anznnbab|          || ana      </controlfield><datafield tag="040" ind1=" " ind2=" "><subfield code="a">Nz</subfield><subfield code="c">Nz</subfield><subfield code="f">reo</subfield></datafield><datafield tag="150" ind1=" " ind2=" "><subfield code="a">Waka tangata</subfield></datafield><datafield tag="550" ind1=" " ind2=" "><subfield code="a">Waka taua</subfield></datafield><datafield tag="550" ind1=" " ind2=" "><subfield code="w">g</subfield><subfield code="a">Waka</subfield></datafield><datafield tag="680" ind1=" " ind2=" "><subfield code="i">Whakamārama: Ahakoa e orite ana te āhuatanga o te waka tangata ki a te waka taua, kei te kawe te waka tangata i ngā tāngata katoa, tāne mai, wahine mai.</subfield></datafield><datafield tag="680" ind1=" " ind2=" "><subfield code="i">Scope Note: Although resembling a war canoe, the waka tangata carries people regardless of gender.</subfield></datafield></record>