<record><leader>00000nz  a2200000n  4500</leader><controlfield tag="001">398</controlfield><controlfield tag="003">NzReo</controlfield><controlfield tag="008">050506 n anznnbab|          || ana      </controlfield><datafield tag="040" ind1=" " ind2=" "><subfield code="a">Nz</subfield><subfield code="c">Nz</subfield><subfield code="f">reo</subfield></datafield><datafield tag="150" ind1=" " ind2=" "><subfield code="a">Waka taua</subfield></datafield><datafield tag="450" ind1=" " ind2=" "><subfield code="a">Pīnaku</subfield></datafield><datafield tag="450" ind1=" " ind2=" "><subfield code="a">Tāraro</subfield></datafield><datafield tag="450" ind1=" " ind2=" "><subfield code="a">Waka pītau</subfield></datafield><datafield tag="450" ind1=" " ind2=" "><subfield code="a">Waka toiera</subfield></datafield><datafield tag="450" ind1=" " ind2=" "><subfield code="a">Waka whakarei</subfield></datafield><datafield tag="450" ind1=" " ind2=" "><subfield code="a">Canoes, War</subfield></datafield><datafield tag="450" ind1=" " ind2=" "><subfield code="a">War canoes</subfield></datafield><datafield tag="450" ind1=" " ind2=" "><subfield code="a">Whaka pītau</subfield></datafield><datafield tag="550" ind1=" " ind2=" "><subfield code="a">Waka tangata</subfield></datafield><datafield tag="550" ind1=" " ind2=" "><subfield code="w">g</subfield><subfield code="a">Waka</subfield></datafield><datafield tag="550" ind1=" " ind2=" "><subfield code="w">h</subfield><subfield code="a">Puhiariki</subfield></datafield><datafield tag="680" ind1=" " ind2=" "><subfield code="i">Whakamārama: He waka mō te ope taua. I tērā rau tau, ka huri te tikanga hei hari i ngā tangata hoa.</subfield></datafield><datafield tag="680" ind1=" " ind2=" "><subfield code="i">Scope Note: Richly carved large waka/canoes traditionally used by war parties ; ceremonial usage since early nineteenth century.</subfield></datafield></record>