<record><leader>00000nz  a2200000n  4500</leader><controlfield tag="001">399</controlfield><controlfield tag="003">NzReo</controlfield><controlfield tag="008">050506 n anznnbab|          || ana      </controlfield><datafield tag="040" ind1=" " ind2=" "><subfield code="a">Nz</subfield><subfield code="c">Nz</subfield><subfield code="f">reo</subfield></datafield><datafield tag="150" ind1=" " ind2=" "><subfield code="a">Waka tētē</subfield></datafield><datafield tag="450" ind1=" " ind2=" "><subfield code="a">Canoes, Fishing</subfield></datafield><datafield tag="450" ind1=" " ind2=" "><subfield code="a">Fishing canoes</subfield></datafield><datafield tag="550" ind1=" " ind2=" "><subfield code="w">g</subfield><subfield code="a">Waka</subfield></datafield><datafield tag="680" ind1=" " ind2=" "><subfield code="i">Whakamārama: He momo waka hei hī ika, hei hoehoe noa.</subfield></datafield><datafield tag="680" ind1=" " ind2=" "><subfield code="i">Scope Note: Plain waka/canoes used for fishing and everyday use.</subfield></datafield></record>