<record><leader>00000nz  a2200000n  4500</leader><controlfield tag="001">404</controlfield><controlfield tag="003">NzReo</controlfield><controlfield tag="008">050506 n anznnbab|          || ana      </controlfield><datafield tag="040" ind1=" " ind2=" "><subfield code="a">Nz</subfield><subfield code="c">Nz</subfield><subfield code="f">reo</subfield></datafield><datafield tag="150" ind1=" " ind2=" "><subfield code="a">Waka tūpāpaku</subfield></datafield><datafield tag="450" ind1=" " ind2=" "><subfield code="a">Burial chests</subfield></datafield><datafield tag="450" ind1=" " ind2=" "><subfield code="a">Papa tūpāpaku</subfield></datafield><datafield tag="550" ind1=" " ind2=" "><subfield code="a">Tangihanga</subfield></datafield><datafield tag="550" ind1=" " ind2=" "><subfield code="w">g</subfield><subfield code="a">Atamira</subfield></datafield><datafield tag="550" ind1=" " ind2=" "><subfield code="w">g</subfield><subfield code="a">Matenga</subfield></datafield><datafield tag="550" ind1=" " ind2=" "><subfield code="w">g</subfield><subfield code="a">Waka</subfield></datafield><datafield tag="550" ind1=" " ind2=" "><subfield code="w">h</subfield><subfield code="a">Kawe mate</subfield></datafield><datafield tag="680" ind1=" " ind2=" "><subfield code="i">Whakamārama: He pouaka hei kawa kōiwi. He pouaka hei kawa tūpāpaku.</subfield></datafield><datafield tag="680" ind1=" " ind2=" "><subfield code="i">Scope Note: Traditional usage: carved chests used for human bones Contemporary usage: carved chests used for a deceased person.</subfield></datafield></record>