<record><leader>00000nz  a2200000n  4500</leader><controlfield tag="001">443</controlfield><controlfield tag="003">NzReo</controlfield><controlfield tag="008">050506 n anznnbab|          || ana      </controlfield><datafield tag="040" ind1=" " ind2=" "><subfield code="a">Nz</subfield><subfield code="c">Nz</subfield><subfield code="f">reo</subfield></datafield><datafield tag="150" ind1=" " ind2=" "><subfield code="a">Waka waituhi</subfield></datafield><datafield tag="450" ind1=" " ind2=" "><subfield code="a">Bird traps</subfield></datafield><datafield tag="450" ind1=" " ind2=" "><subfield code="a">Traps, Bird</subfield></datafield><datafield tag="450" ind1=" " ind2=" "><subfield code="a">Trough traps for birds</subfield></datafield><datafield tag="550" ind1=" " ind2=" "><subfield code="a">Tāhere manu</subfield></datafield><datafield tag="550" ind1=" " ind2=" "><subfield code="a">Waka kererū</subfield></datafield><datafield tag="550" ind1=" " ind2=" "><subfield code="w">g</subfield><subfield code="a">Waka</subfield></datafield><datafield tag="680" ind1=" " ind2=" "><subfield code="i">Whakamārama: He paepae wai, hei hopu kererū.</subfield></datafield><datafield tag="680" ind1=" " ind2=" "><subfield code="i">Scope Note: Water troughs set with noose, used to snare kererū/wood pigeons and tūī.</subfield></datafield></record>