<record><leader>00000nz  a2200000n  4500</leader><controlfield tag="001">3080</controlfield><controlfield tag="003">NzReo</controlfield><controlfield tag="008">100720 n anznnbab|          || ana      </controlfield><datafield tag="040" ind1=" " ind2=" "><subfield code="a">Nz</subfield><subfield code="c">Nz</subfield><subfield code="f">reo</subfield></datafield><datafield tag="150" ind1=" " ind2=" "><subfield code="a">Wānanga</subfield></datafield><datafield tag="450" ind1=" " ind2=" "><subfield code="a">Education, Traditional</subfield></datafield><datafield tag="450" ind1=" " ind2=" "><subfield code="a">Traditional education</subfield></datafield><datafield tag="550" ind1=" " ind2=" "><subfield code="a">Anga</subfield></datafield><datafield tag="550" ind1=" " ind2=" "><subfield code="a">Whare wānanga</subfield></datafield><datafield tag="550" ind1=" " ind2=" "><subfield code="w">g</subfield><subfield code="a">Mātauranga</subfield></datafield><datafield tag="680" ind1=" " ind2=" "><subfield code="i">Whakamārama: Ngā mātauranga, ngā mōhiotanga ki ngā karakia me ngā kōrero whai tikanga, whai mana o te iwi.</subfield></datafield><datafield tag="680" ind1=" " ind2=" "><subfield code="i">Scope Note: Learning through discussion to nurture and maintain traditional Māori knowledge, particularly at iwi and hapū level. For universities, see Whare wānanga</subfield></datafield></record>