<record><leader>00000nz  a2200000n  4500</leader><controlfield tag="001">4038</controlfield><controlfield tag="003">NzReo</controlfield><controlfield tag="008">120503 n anznnbab|          || ana      </controlfield><datafield tag="040" ind1=" " ind2=" "><subfield code="a">Nz</subfield><subfield code="c">Nz</subfield><subfield code="f">reo</subfield></datafield><datafield tag="150" ind1=" " ind2=" "><subfield code="a">Wātene Māori</subfield></datafield><datafield tag="450" ind1=" " ind2=" "><subfield code="a">Māori wardens</subfield></datafield><datafield tag="450" ind1=" " ind2=" "><subfield code="a">Wardens, Māori</subfield></datafield><datafield tag="550" ind1=" " ind2=" "><subfield code="a">Rōpū Māori</subfield></datafield><datafield tag="550" ind1=" " ind2=" "><subfield code="w">g</subfield><subfield code="a">Mahi tūao</subfield></datafield><datafield tag="550" ind1=" " ind2=" "><subfield code="w">g</subfield><subfield code="a">Ratonga</subfield></datafield><datafield tag="680" ind1=" " ind2=" "><subfield code="i">Whakamārama: Ko ngā Wātene Māori he momo rōpū tūao hei āwhina i ngā whānau, i ngā hapū, i ngā iwi me ngā tāngata katoa o te hapori. Ko tō rātou ake kaupapa, kia āta tiakina ngā hapori whānau e hui tōpū ai, e tae ana ki te mahi whakamarumaru, te whakahaere waka, me te āwhina turoro.</subfield></datafield><datafield tag="680" ind1=" " ind2=" "><subfield code="i">Scope Note: The Māori Wardens role is a voluntary initiative that provides a range of general services for the community including security, traffic control and first aid at large-scale community events.</subfield></datafield></record>