<record><leader>00000nz  a2200000n  4500</leader><controlfield tag="001">4570</controlfield><controlfield tag="003">NzReo</controlfield><controlfield tag="008">150707 n anznnbab|          || ana      </controlfield><datafield tag="040" ind1=" " ind2=" "><subfield code="a">Nz</subfield><subfield code="c">Nz</subfield><subfield code="f">reo</subfield></datafield><datafield tag="150" ind1=" " ind2=" "><subfield code="a">Wehi</subfield></datafield><datafield tag="450" ind1=" " ind2=" "><subfield code="a">Awe</subfield></datafield><datafield tag="450" ind1=" " ind2=" "><subfield code="a">Awesomeness</subfield></datafield><datafield tag="450" ind1=" " ind2=" "><subfield code="a">Fear</subfield></datafield><datafield tag="550" ind1=" " ind2=" "><subfield code="w">g</subfield><subfield code="a">Aronganui</subfield></datafield><datafield tag="550" ind1=" " ind2=" "><subfield code="w">h</subfield><subfield code="a">Mataku</subfield></datafield><datafield tag="680" ind1=" " ind2=" "><subfield code="i">Scope Note: A response of awe in reaction to ihi.</subfield></datafield></record>