<record><leader>00000nz  a2200000n  4500</leader><controlfield tag="001">2195</controlfield><controlfield tag="003">NzReo</controlfield><controlfield tag="008">060530 n anznnbab|          || ana      </controlfield><datafield tag="040" ind1=" " ind2=" "><subfield code="a">Nz</subfield><subfield code="c">Nz</subfield><subfield code="f">reo</subfield></datafield><datafield tag="150" ind1=" " ind2=" "><subfield code="a">Weri</subfield></datafield><datafield tag="450" ind1=" " ind2=" "><subfield code="a">Centipedes</subfield></datafield><datafield tag="450" ind1=" " ind2=" "><subfield code="a">Earwigs</subfield></datafield><datafield tag="550" ind1=" " ind2=" "><subfield code="w">g</subfield><subfield code="a">Aitanga pepeke</subfield></datafield><datafield tag="680" ind1=" " ind2=" "><subfield code="i">Whakamārama: He ngārara, he roroa, he whāiti ngā tinana pērā i te peketua, i te matā rānei.</subfield></datafield><datafield tag="680" ind1=" " ind2=" "><subfield code="i">Scope Note: A category of ngārara/invertebrates including centipedes and earwigs.</subfield></datafield></record>