<record><leader>00000nz  a2200000n  4500</leader><controlfield tag="001">4281</controlfield><controlfield tag="003">NzReo</controlfield><controlfield tag="008">140902 n anznnbab|          || ana      </controlfield><datafield tag="040" ind1=" " ind2=" "><subfield code="a">Nz</subfield><subfield code="c">Nz</subfield><subfield code="f">reo</subfield></datafield><datafield tag="150" ind1=" " ind2=" "><subfield code="a">Whai (Ika)</subfield></datafield><datafield tag="450" ind1=" " ind2=" "><subfield code="a">Stingrays</subfield></datafield><datafield tag="550" ind1=" " ind2=" "><subfield code="w">g</subfield><subfield code="a">Ika waitai</subfield></datafield><datafield tag="680" ind1=" " ind2=" "><subfield code="i">Whakamārama: Ko te whai he ika moana, he papa, he whānui te tinana, he wero kei tōna whiore.</subfield></datafield><datafield tag="680" ind1=" " ind2=" "><subfield code="i">Scope Note: A sea fish with a flat broad body and a stinging tail.</subfield></datafield></record>