<record><leader>00000nz  a2200000n  4500</leader><controlfield tag="001">353</controlfield><controlfield tag="003">NzReo</controlfield><controlfield tag="008">050506 n anznnbab|          || ana      </controlfield><datafield tag="040" ind1=" " ind2=" "><subfield code="a">Nz</subfield><subfield code="c">Nz</subfield><subfield code="f">reo</subfield></datafield><datafield tag="150" ind1=" " ind2=" "><subfield code="a">Whaikōrero</subfield></datafield><datafield tag="450" ind1=" " ind2=" "><subfield code="a">Onetū</subfield></datafield><datafield tag="450" ind1=" " ind2=" "><subfield code="a">Oratory</subfield></datafield><datafield tag="450" ind1=" " ind2=" "><subfield code="a">Rhetoric</subfield></datafield><datafield tag="450" ind1=" " ind2=" "><subfield code="a">Speechmaking</subfield></datafield><datafield tag="550" ind1=" " ind2=" "><subfield code="a">Pūkōrero</subfield></datafield><datafield tag="550" ind1=" " ind2=" "><subfield code="w">g</subfield><subfield code="a">Kōrero</subfield></datafield><datafield tag="550" ind1=" " ind2=" "><subfield code="w">g</subfield><subfield code="a">Pōwhiri</subfield></datafield><datafield tag="550" ind1=" " ind2=" "><subfield code="w">h</subfield><subfield code="a">Mihi</subfield></datafield><datafield tag="550" ind1=" " ind2=" "><subfield code="w">h</subfield><subfield code="a">Pao</subfield></datafield><datafield tag="550" ind1=" " ind2=" "><subfield code="w">h</subfield><subfield code="a">Poroporoaki</subfield></datafield><datafield tag="550" ind1=" " ind2=" "><subfield code="w">h</subfield><subfield code="a">Tauparapara</subfield></datafield><datafield tag="550" ind1=" " ind2=" "><subfield code="w">h</subfield><subfield code="a">Whakataetae whaikōrero</subfield></datafield><datafield tag="680" ind1=" " ind2=" "><subfield code="i">Whakamārama: Ko te toi whakatakoto i te kupu kōrero, ā, me aua kōrero rā anō hoki.</subfield></datafield><datafield tag="680" ind1=" " ind2=" "><subfield code="i">Scope Note: The art of oration or rhetoric. Also used for an oration itself.</subfield></datafield></record>