<record><leader>00000nz  a2200000n  4500</leader><controlfield tag="001">973</controlfield><controlfield tag="003">NzReo</controlfield><controlfield tag="008">050831 n anznnbab|          || ana      </controlfield><datafield tag="040" ind1=" " ind2=" "><subfield code="a">Nz</subfield><subfield code="c">Nz</subfield><subfield code="f">reo</subfield></datafield><datafield tag="150" ind1=" " ind2=" "><subfield code="a">Whaitiri</subfield></datafield><datafield tag="450" ind1=" " ind2=" "><subfield code="a">Whatitiri</subfield></datafield><datafield tag="450" ind1=" " ind2=" "><subfield code="a">Thunder</subfield></datafield><datafield tag="550" ind1=" " ind2=" "><subfield code="a">Hiko</subfield></datafield><datafield tag="550" ind1=" " ind2=" "><subfield code="w">g</subfield><subfield code="a">Āhua-o-te-rangi</subfield></datafield><datafield tag="550" ind1=" " ind2=" "><subfield code="w">g</subfield><subfield code="a">Atua</subfield></datafield><datafield tag="680" ind1=" " ind2=" "><subfield code="i">Whakamārama: Ko ia te āhua o te whaitiri.</subfield></datafield><datafield tag="680" ind1=" " ind2=" "><subfield code="i">Scope Note: Traditional usage: the personification of thunder. Contemporary usage: the loud noise heard after lightning and due to the disturbance of air by the discharge of electricity.</subfield></datafield></record>