<record><leader>00000nz  a2200000n  4500</leader><controlfield tag="001">3102</controlfield><controlfield tag="003">NzReo</controlfield><controlfield tag="008">100720 n anznnbab|          || ana      </controlfield><datafield tag="040" ind1=" " ind2=" "><subfield code="a">Nz</subfield><subfield code="c">Nz</subfield><subfield code="f">reo</subfield></datafield><datafield tag="150" ind1=" " ind2=" "><subfield code="a">Whaiwhai</subfield></datafield><datafield tag="450" ind1=" " ind2=" "><subfield code="a">Hunting</subfield></datafield><datafield tag="550" ind1=" " ind2=" "><subfield code="w">g</subfield><subfield code="a">Hākinakina</subfield></datafield><datafield tag="550" ind1=" " ind2=" "><subfield code="w">h</subfield><subfield code="a">Hī hākinakina</subfield></datafield><datafield tag="680" ind1=" " ind2=" "><subfield code="i">Whakamārama: Ki te whaiwhai koe i tētahi mea, ka kimi haere koe i taua mea kia mau i a koe.</subfield></datafield></record>