<record><leader>00000nz  a2200000n  4500</leader><controlfield tag="001">1029</controlfield><controlfield tag="003">NzReo</controlfield><controlfield tag="008">050831 n anznnbab|          || ana      </controlfield><datafield tag="040" ind1=" " ind2=" "><subfield code="a">Nz</subfield><subfield code="c">Nz</subfield><subfield code="f">reo</subfield></datafield><datafield tag="150" ind1=" " ind2=" "><subfield code="a">Whakaaetanga</subfield></datafield><datafield tag="450" ind1=" " ind2=" "><subfield code="a">Agreements</subfield></datafield><datafield tag="450" ind1=" " ind2=" "><subfield code="a">Contract law</subfield></datafield><datafield tag="450" ind1=" " ind2=" "><subfield code="a">Contracts</subfield></datafield><datafield tag="550" ind1=" " ind2=" "><subfield code="w">g</subfield><subfield code="a">Ture</subfield></datafield><datafield tag="680" ind1=" " ind2=" "><subfield code="i">Scope Note: Agreements, including oral, written and postal rule.</subfield></datafield></record>