<record><leader>00000nz  a2200000n  4500</leader><controlfield tag="001">3317</controlfield><controlfield tag="003">NzReo</controlfield><controlfield tag="008">101221 n anznnbab|          || ana      </controlfield><datafield tag="040" ind1=" " ind2=" "><subfield code="a">Nz</subfield><subfield code="c">Nz</subfield><subfield code="f">reo</subfield></datafield><datafield tag="150" ind1=" " ind2=" "><subfield code="a">Whakaahua</subfield></datafield><datafield tag="450" ind1=" " ind2=" "><subfield code="a">Pikitia</subfield></datafield><datafield tag="450" ind1=" " ind2=" "><subfield code="a">Images, Visual</subfield></datafield><datafield tag="450" ind1=" " ind2=" "><subfield code="a">Portraits</subfield></datafield><datafield tag="450" ind1=" " ind2=" "><subfield code="a">Visual images</subfield></datafield><datafield tag="550" ind1=" " ind2=" "><subfield code="a">Kiriata</subfield></datafield><datafield tag="550" ind1=" " ind2=" "><subfield code="a">Pakiwaituhi</subfield></datafield><datafield tag="550" ind1=" " ind2=" "><subfield code="a">Pouaka whakaata</subfield></datafield><datafield tag="550" ind1=" " ind2=" "><subfield code="a">Pukapuka whakaahua</subfield></datafield><datafield tag="550" ind1=" " ind2=" "><subfield code="a">Tā moko (Tā ngira)</subfield></datafield><datafield tag="550" ind1=" " ind2=" "><subfield code="w">g</subfield><subfield code="a">Waka toi</subfield></datafield><datafield tag="550" ind1=" " ind2=" "><subfield code="w">h</subfield><subfield code="a">Kāri poutāpeta</subfield></datafield><datafield tag="550" ind1=" " ind2=" "><subfield code="w">h</subfield><subfield code="a">Tango whakaahua</subfield></datafield><datafield tag="550" ind1=" " ind2=" "><subfield code="w">h</subfield><subfield code="a">Waituhi</subfield></datafield><datafield tag="550" ind1=" " ind2=" "><subfield code="w">h</subfield><subfield code="a">Whakaaturanga toi ataata</subfield></datafield><datafield tag="680" ind1=" " ind2=" "><subfield code="i">Whakamārama: Te āhua o tētahi mea kua peitahia, kua tāngia ki te pepa, ki te aha atu, kua hopukina rānei ki te kāmera.</subfield></datafield><datafield tag="680" ind1=" " ind2=" "><subfield code="i">Scope Note: A collective term covering contemporary images of the Māori world, including portraits, illustrations, drawings, graphics, paintings, photography, etc.</subfield></datafield></record>