<record><leader>00000nz  a2200000n  4500</leader><controlfield tag="001">3603</controlfield><controlfield tag="003">NzReo</controlfield><controlfield tag="008">110603 n anznnbab|          || ana      </controlfield><datafield tag="040" ind1=" " ind2=" "><subfield code="a">Nz</subfield><subfield code="c">Nz</subfield><subfield code="f">reo</subfield></datafield><datafield tag="150" ind1=" " ind2=" "><subfield code="a">Whakaaotanga</subfield></datafield><datafield tag="450" ind1=" " ind2=" "><subfield code="a">Globalisation</subfield></datafield><datafield tag="550" ind1=" " ind2=" "><subfield code="a">Āhuatanga pāpori</subfield></datafield><datafield tag="550" ind1=" " ind2=" "><subfield code="a">Rangahau</subfield></datafield><datafield tag="550" ind1=" " ind2=" "><subfield code="w">g</subfield><subfield code="a">Ōhanga</subfield></datafield><datafield tag="680" ind1=" " ind2=" "><subfield code="i">Whakamārama: He whakawhitinga o te ōhanga ā-motu, ōhanga ā-rohe hoki ki ngā ōhanga o te ao whānui.</subfield></datafield><datafield tag="680" ind1=" " ind2=" "><subfield code="i">Scope Note: The transition from national and regional economies to global economies. Can also apply to social, cultural and political aspects of globalisation. See also Āhuatanga pāpori (Social conditions).</subfield></datafield></record>