<record><leader>00000nz  a2200000n  4500</leader><controlfield tag="001">3325</controlfield><controlfield tag="003">NzReo</controlfield><controlfield tag="008">101221 n anznnbab|          || ana      </controlfield><datafield tag="040" ind1=" " ind2=" "><subfield code="a">Nz</subfield><subfield code="c">Nz</subfield><subfield code="f">reo</subfield></datafield><datafield tag="150" ind1=" " ind2=" "><subfield code="a">Whakaaturanga toi ataata</subfield></datafield><datafield tag="450" ind1=" " ind2=" "><subfield code="a">Art displays</subfield></datafield><datafield tag="450" ind1=" " ind2=" "><subfield code="a">Art exhibitions</subfield></datafield><datafield tag="450" ind1=" " ind2=" "><subfield code="a">Displays, Art</subfield></datafield><datafield tag="450" ind1=" " ind2=" "><subfield code="a">Exhibitions, Art</subfield></datafield><datafield tag="550" ind1=" " ind2=" "><subfield code="w">g</subfield><subfield code="a">Whakaahua</subfield></datafield><datafield tag="550" ind1=" " ind2=" "><subfield code="w">g</subfield><subfield code="a">Whare taonga</subfield></datafield><datafield tag="680" ind1=" " ind2=" "><subfield code="i">Scope Note: Art exhibitions of images, excluding installations.</subfield></datafield></record>