<record><leader>00000nz  a2200000n  4500</leader><controlfield tag="001">3194</controlfield><controlfield tag="003">NzReo</controlfield><controlfield tag="008">101018 n anznnbab|          || ana      </controlfield><datafield tag="040" ind1=" " ind2=" "><subfield code="a">Nz</subfield><subfield code="c">Nz</subfield><subfield code="f">reo</subfield></datafield><datafield tag="150" ind1=" " ind2=" "><subfield code="a">Whakahāwea iwi</subfield></datafield><datafield tag="450" ind1=" " ind2=" "><subfield code="a">Aukati iwi</subfield></datafield><datafield tag="450" ind1=" " ind2=" "><subfield code="a">Noho wehewehe ā-iwi</subfield></datafield><datafield tag="450" ind1=" " ind2=" "><subfield code="a">Whakatoihara iwi</subfield></datafield><datafield tag="450" ind1=" " ind2=" "><subfield code="a">Racism</subfield></datafield><datafield tag="550" ind1=" " ind2=" "><subfield code="a">Tāngata</subfield></datafield><datafield tag="550" ind1=" " ind2=" "><subfield code="w">g</subfield><subfield code="a">Noho-ā-iwi</subfield></datafield><datafield tag="680" ind1=" " ind2=" "><subfield code="i">Whakamārama: Ko ngā whanonga hei whakaiti, hei aukati i te tangata nō tētahi atu iwi kē.</subfield></datafield><datafield tag="680" ind1=" " ind2=" "><subfield code="i">Scope Note: Discriminatory or abusive behaviour towards members of another race.</subfield></datafield></record>