<record><leader>00000nz  a2200000n  4500</leader><controlfield tag="001">1254</controlfield><controlfield tag="003">NzReo</controlfield><controlfield tag="008">060413 n anznnbab|          || ana      </controlfield><datafield tag="040" ind1=" " ind2=" "><subfield code="a">Nz</subfield><subfield code="c">Nz</subfield><subfield code="f">reo</subfield></datafield><datafield tag="150" ind1=" " ind2=" "><subfield code="a">Whakairo</subfield></datafield><datafield tag="450" ind1=" " ind2=" "><subfield code="a">Carvings</subfield></datafield><datafield tag="550" ind1=" " ind2=" "><subfield code="a">Hunga mahi toi</subfield></datafield><datafield tag="550" ind1=" " ind2=" "><subfield code="a">Tā</subfield></datafield><datafield tag="550" ind1=" " ind2=" "><subfield code="a">Tohunga whakairo</subfield></datafield><datafield tag="550" ind1=" " ind2=" "><subfield code="a">Waharoa</subfield></datafield><datafield tag="550" ind1=" " ind2=" "><subfield code="w">g</subfield><subfield code="a">Whare whakairo</subfield></datafield><datafield tag="550" ind1=" " ind2=" "><subfield code="w">h</subfield><subfield code="a">Marakihau</subfield></datafield><datafield tag="550" ind1=" " ind2=" "><subfield code="w">h</subfield><subfield code="a">Mau rākau</subfield></datafield><datafield tag="550" ind1=" " ind2=" "><subfield code="w">h</subfield><subfield code="a">Momotuhi</subfield></datafield><datafield tag="550" ind1=" " ind2=" "><subfield code="w">h</subfield><subfield code="a">Pakake</subfield></datafield><datafield tag="550" ind1=" " ind2=" "><subfield code="w">h</subfield><subfield code="a">Pakati</subfield></datafield><datafield tag="550" ind1=" " ind2=" "><subfield code="w">h</subfield><subfield code="a">Pakura</subfield></datafield><datafield tag="550" ind1=" " ind2=" "><subfield code="w">h</subfield><subfield code="a">Taratara-a-kai</subfield></datafield><datafield tag="550" ind1=" " ind2=" "><subfield code="w">h</subfield><subfield code="a">Toki</subfield></datafield><datafield tag="550" ind1=" " ind2=" "><subfield code="w">h</subfield><subfield code="a">Unaunahi</subfield></datafield><datafield tag="680" ind1=" " ind2=" "><subfield code="i">Whakamārama: Ka whakanikoniko i tētahi mea ki te tauira, ahakoa tuhi, ahakoa tārai ki te whao, ahakoa whatu, ahakoa tā ki te moko.</subfield></datafield><datafield tag="680" ind1=" " ind2=" "><subfield code="i">Scope Note: Any and all Māori patterns created as designs, whether drawn, carved with a chisel, woven, or applied as a moko.</subfield></datafield></record>