<record><leader>00000nz  a2200000n  4500</leader><controlfield tag="001">4018</controlfield><controlfield tag="003">NzReo</controlfield><controlfield tag="008">120501 n anznnbab|          || ana      </controlfield><datafield tag="040" ind1=" " ind2=" "><subfield code="a">Nz</subfield><subfield code="c">Nz</subfield><subfield code="f">reo</subfield></datafield><datafield tag="150" ind1=" " ind2=" "><subfield code="a">Whakamāori</subfield></datafield><datafield tag="450" ind1=" " ind2=" "><subfield code="a">Whakamārama</subfield></datafield><datafield tag="450" ind1=" " ind2=" "><subfield code="a">Whakamōhio</subfield></datafield><datafield tag="450" ind1=" " ind2=" "><subfield code="a">Whakawhiti reo</subfield></datafield><datafield tag="450" ind1=" " ind2=" "><subfield code="a">Translating</subfield></datafield><datafield tag="450" ind1=" " ind2=" "><subfield code="a">Translations</subfield></datafield><datafield tag="550" ind1=" " ind2=" "><subfield code="a">Reorua</subfield></datafield><datafield tag="550" ind1=" " ind2=" "><subfield code="w">g</subfield><subfield code="a">Reo Māori</subfield></datafield><datafield tag="680" ind1=" " ind2=" "><subfield code="i">Whakamārama: Ko ngā āhuatanga o te mahi whakamāori me te whakawhiti reo.</subfield></datafield><datafield tag="680" ind1=" " ind2=" "><subfield code="i">Scope Note: Use for works about translations, translators or when bodies of work are translated into another language.</subfield></datafield></record>