<record><leader>00000nz  a2200000n  4500</leader><controlfield tag="001">3275</controlfield><controlfield tag="003">NzReo</controlfield><controlfield tag="008">101027 n anznnbab|          || ana      </controlfield><datafield tag="040" ind1=" " ind2=" "><subfield code="a">Nz</subfield><subfield code="c">Nz</subfield><subfield code="f">reo</subfield></datafield><datafield tag="150" ind1=" " ind2=" "><subfield code="a">Whakamātau hinengaro taitamariki</subfield></datafield><datafield tag="450" ind1=" " ind2=" "><subfield code="a">Adolescent psychology, 16-21</subfield></datafield><datafield tag="550" ind1=" " ind2=" "><subfield code="a">Taitamariki</subfield></datafield><datafield tag="550" ind1=" " ind2=" "><subfield code="a">Whakamātau hinengaro taiohi</subfield></datafield><datafield tag="550" ind1=" " ind2=" "><subfield code="w">g</subfield><subfield code="a">Whakamātau hinengaro</subfield></datafield><datafield tag="680" ind1=" " ind2=" "><subfield code="i">Whakamārama: Ka kōrerotia ake ngā take ā-hinengaro me ngā mahi a te hunga taiohi, 16-21 tau tō rātou pakeke.</subfield></datafield><datafield tag="680" ind1=" " ind2=" "><subfield code="i">Scope Note: Addresses the psychological issues and interests of adolescents, aged about 16-21 years.</subfield></datafield></record>