<record><leader>00000nz  a2200000n  4500</leader><controlfield tag="001">2496</controlfield><controlfield tag="003">NzReo</controlfield><controlfield tag="008">060531 n anznnbab|          || ana      </controlfield><datafield tag="040" ind1=" " ind2=" "><subfield code="a">Nz</subfield><subfield code="c">Nz</subfield><subfield code="f">reo</subfield></datafield><datafield tag="150" ind1=" " ind2=" "><subfield code="a">Whakamātau hinengaro tamariki</subfield></datafield><datafield tag="450" ind1=" " ind2=" "><subfield code="a">Child psychology, 5-12</subfield></datafield><datafield tag="550" ind1=" " ind2=" "><subfield code="a">Tamariki</subfield></datafield><datafield tag="550" ind1=" " ind2=" "><subfield code="a">Whakamātau hinengaro taiohi</subfield></datafield><datafield tag="550" ind1=" " ind2=" "><subfield code="w">g</subfield><subfield code="a">Whakamātau hinengaro</subfield></datafield><datafield tag="680" ind1=" " ind2=" "><subfield code="i">Whakamārama: Ka kōrerotia ake ngā take ā-hinengaro me ngā mahi a ngā tamariki, 5-12 tau tō rātou pakeke.</subfield></datafield><datafield tag="680" ind1=" " ind2=" "><subfield code="i">Scope Note: Addresses the psychological issues and interests of children, aged 5-12.</subfield></datafield></record>