<record><leader>00000nz  a2200000n  4500</leader><controlfield tag="001">4354</controlfield><controlfield tag="003">NzReo</controlfield><controlfield tag="008">140902 n anznnbab|          || ana      </controlfield><datafield tag="040" ind1=" " ind2=" "><subfield code="a">Nz</subfield><subfield code="c">Nz</subfield><subfield code="f">reo</subfield></datafield><datafield tag="150" ind1=" " ind2=" "><subfield code="a">Whakaora tangata auheke</subfield></datafield><datafield tag="450" ind1=" " ind2=" "><subfield code="a">Hākinakina auheke</subfield></datafield><datafield tag="450" ind1=" " ind2=" "><subfield code="a">Life-saving, Surf</subfield></datafield><datafield tag="450" ind1=" " ind2=" "><subfield code="a">Surf life-saving</subfield></datafield><datafield tag="550" ind1=" " ind2=" "><subfield code="a">Eke ngaru</subfield></datafield><datafield tag="550" ind1=" " ind2=" "><subfield code="a">Kauhoe</subfield></datafield><datafield tag="550" ind1=" " ind2=" "><subfield code="w">g</subfield><subfield code="a">Hākinakina</subfield></datafield><datafield tag="550" ind1=" " ind2=" "><subfield code="w">g</subfield><subfield code="a">Haumarutanga</subfield></datafield></record>