<record><leader>00000nz  a2200000n  4500</leader><controlfield tag="001">3607</controlfield><controlfield tag="003">NzReo</controlfield><controlfield tag="008">110603 n anznnbab|          || ana      </controlfield><datafield tag="040" ind1=" " ind2=" "><subfield code="a">Nz</subfield><subfield code="c">Nz</subfield><subfield code="f">reo</subfield></datafield><datafield tag="150" ind1=" " ind2=" "><subfield code="a">Whakapakari ā-iwi</subfield></datafield><datafield tag="450" ind1=" " ind2=" "><subfield code="a">Whakapakari ā-hapori</subfield></datafield><datafield tag="450" ind1=" " ind2=" "><subfield code="a">Community development</subfield></datafield><datafield tag="450" ind1=" " ind2=" "><subfield code="a">Development</subfield></datafield><datafield tag="450" ind1=" " ind2=" "><subfield code="a">Development, Community</subfield></datafield><datafield tag="450" ind1=" " ind2=" "><subfield code="a">Development, Tribal</subfield></datafield><datafield tag="450" ind1=" " ind2=" "><subfield code="a">Tribal development</subfield></datafield><datafield tag="550" ind1=" " ind2=" "><subfield code="a">Āhuatanga ōhanga</subfield></datafield><datafield tag="550" ind1=" " ind2=" "><subfield code="a">Āhuatanga pāpori</subfield></datafield><datafield tag="550" ind1=" " ind2=" "><subfield code="a">Ōhanga whanaketanga</subfield></datafield><datafield tag="550" ind1=" " ind2=" "><subfield code="a">Ora</subfield></datafield><datafield tag="550" ind1=" " ind2=" "><subfield code="a">Rangahau Māori</subfield></datafield><datafield tag="550" ind1=" " ind2=" "><subfield code="a">Ratonga ki te iwi</subfield></datafield><datafield tag="550" ind1=" " ind2=" "><subfield code="a">Rūnanga ā-iwi</subfield></datafield><datafield tag="550" ind1=" " ind2=" "><subfield code="w">g</subfield><subfield code="a">Iwi</subfield></datafield><datafield tag="550" ind1=" " ind2=" "><subfield code="w">g</subfield><subfield code="a">Tino rangatiratanga</subfield></datafield><datafield tag="680" ind1=" " ind2=" "><subfield code="i">Whakamārama: Ko ngā mahi hei whakamana i ngā iwi, i ngā hapū, i ngā hapori whānau katoa.</subfield></datafield><datafield tag="680" ind1=" " ind2=" "><subfield code="i">Scope Note: Activities that increase positive outcomes within iwi, hapū and whānau communities by linking individuals and organisations working toward common ends.</subfield></datafield></record>