<record><leader>00000nz  a2200000n  4500</leader><controlfield tag="001">805</controlfield><controlfield tag="003">NzReo</controlfield><controlfield tag="008">050825 n anznnbab|          || ana      </controlfield><datafield tag="040" ind1=" " ind2=" "><subfield code="a">Nz</subfield><subfield code="c">Nz</subfield><subfield code="f">reo</subfield></datafield><datafield tag="150" ind1=" " ind2=" "><subfield code="a">Whakapapa</subfield></datafield><datafield tag="450" ind1=" " ind2=" "><subfield code="a">Family history</subfield></datafield><datafield tag="450" ind1=" " ind2=" "><subfield code="a">Genealogy</subfield></datafield><datafield tag="450" ind1=" " ind2=" "><subfield code="a">History, Family</subfield></datafield><datafield tag="450" ind1=" " ind2=" "><subfield code="a">Kinship</subfield></datafield><datafield tag="450" ind1=" " ind2=" "><subfield code="a">Relationships</subfield></datafield><datafield tag="450" ind1=" " ind2=" "><subfield code="a">Wakapapa</subfield></datafield><datafield tag="550" ind1=" " ind2=" "><subfield code="a">Atua</subfield></datafield><datafield tag="550" ind1=" " ind2=" "><subfield code="a">Hauora whānau</subfield></datafield><datafield tag="550" ind1=" " ind2=" "><subfield code="a">Kōrero taumata</subfield></datafield><datafield tag="550" ind1=" " ind2=" "><subfield code="a">Mana</subfield></datafield><datafield tag="550" ind1=" " ind2=" "><subfield code="a">Mana atua</subfield></datafield><datafield tag="550" ind1=" " ind2=" "><subfield code="a">Mana tūpuna</subfield></datafield><datafield tag="550" ind1=" " ind2=" "><subfield code="a">Māoritanga</subfield></datafield><datafield tag="550" ind1=" " ind2=" "><subfield code="a">Maunga</subfield></datafield><datafield tag="550" ind1=" " ind2=" "><subfield code="a">Ōrokohanga o te ao</subfield></datafield><datafield tag="550" ind1=" " ind2=" "><subfield code="a">Tamāhine</subfield></datafield><datafield tag="550" ind1=" " ind2=" "><subfield code="a">Tāngata</subfield></datafield><datafield tag="550" ind1=" " ind2=" "><subfield code="a">Taumau</subfield></datafield><datafield tag="550" ind1=" " ind2=" "><subfield code="a">Tumu kōrero</subfield></datafield><datafield tag="550" ind1=" " ind2=" "><subfield code="a">Whanaungatanga</subfield></datafield><datafield tag="550" ind1=" " ind2=" "><subfield code="a">Whenua</subfield></datafield><datafield tag="550" ind1=" " ind2=" "><subfield code="w">h</subfield><subfield code="a">Mārenatanga</subfield></datafield><datafield tag="550" ind1=" " ind2=" "><subfield code="w">h</subfield><subfield code="a">Tātai</subfield></datafield><datafield tag="550" ind1=" " ind2=" "><subfield code="w">h</subfield><subfield code="a">Tuakiri</subfield></datafield><datafield tag="550" ind1=" " ind2=" "><subfield code="w">h</subfield><subfield code="a">Waka (Whakapapa)</subfield></datafield><datafield tag="680" ind1=" " ind2=" "><subfield code="i">Scope Note: The genealogical descent of all living things. Whakapapa/genealogy is a fundamental principle that permeates the whole of Māori culture.</subfield></datafield></record>