<record><leader>00000nz  a2200000n  4500</leader><controlfield tag="001">275</controlfield><controlfield tag="003">NzReo</controlfield><controlfield tag="008">060608 n anznnbab|          || ana      </controlfield><datafield tag="040" ind1=" " ind2=" "><subfield code="a">Nz</subfield><subfield code="c">Nz</subfield><subfield code="f">reo</subfield></datafield><datafield tag="150" ind1=" " ind2=" "><subfield code="a">Whakapono</subfield></datafield><datafield tag="450" ind1=" " ind2=" "><subfield code="a">Creeds</subfield></datafield><datafield tag="450" ind1=" " ind2=" "><subfield code="a">Religion</subfield></datafield><datafield tag="450" ind1=" " ind2=" "><subfield code="a">Religious beliefs</subfield></datafield><datafield tag="550" ind1=" " ind2=" "><subfield code="a">Ao wairua</subfield></datafield><datafield tag="550" ind1=" " ind2=" "><subfield code="a">Karakia</subfield></datafield><datafield tag="550" ind1=" " ind2=" "><subfield code="w">h</subfield><subfield code="a">Hāhi Karaitiana</subfield></datafield><datafield tag="550" ind1=" " ind2=" "><subfield code="w">h</subfield><subfield code="a">Hāhi Māori</subfield></datafield><datafield tag="550" ind1=" " ind2=" "><subfield code="w">h</subfield><subfield code="a">Hīmene</subfield></datafield><datafield tag="550" ind1=" " ind2=" "><subfield code="w">h</subfield><subfield code="a">Inoi</subfield></datafield><datafield tag="550" ind1=" " ind2=" "><subfield code="w">h</subfield><subfield code="a">Paipera Tapu</subfield></datafield><datafield tag="550" ind1=" " ind2=" "><subfield code="w">h</subfield><subfield code="a">Whare karakia</subfield></datafield><datafield tag="680" ind1=" " ind2=" "><subfield code="i">Whakamārama: Ko ngā momo mahi me ngā rerekētanga o ngā hahi katoa o te ao.</subfield></datafield><datafield tag="680" ind1=" " ind2=" "><subfield code="i">Scope Note: A general term used to describe religious beliefs.</subfield></datafield></record>