<record><leader>00000nz  a2200000n  4500</leader><controlfield tag="001">154</controlfield><controlfield tag="003">NzReo</controlfield><controlfield tag="008">060601 n anznnbab|          || ana      </controlfield><datafield tag="040" ind1=" " ind2=" "><subfield code="a">Nz</subfield><subfield code="c">Nz</subfield><subfield code="f">reo</subfield></datafield><datafield tag="150" ind1=" " ind2=" "><subfield code="a">Whakaraka</subfield></datafield><datafield tag="450" ind1=" " ind2=" "><subfield code="a">Games (Traditional)</subfield></datafield><datafield tag="550" ind1=" " ind2=" "><subfield code="a">Kapa haka</subfield></datafield><datafield tag="550" ind1=" " ind2=" "><subfield code="a">Rotarota</subfield></datafield><datafield tag="550" ind1=" " ind2=" "><subfield code="a">Tākaro</subfield></datafield><datafield tag="550" ind1=" " ind2=" "><subfield code="w">g</subfield><subfield code="a">Mahi ā Rēhia</subfield></datafield><datafield tag="550" ind1=" " ind2=" "><subfield code="w">h</subfield><subfield code="a">Manu (Whakaraka)</subfield></datafield><datafield tag="550" ind1=" " ind2=" "><subfield code="w">h</subfield><subfield code="a">Tī rākau</subfield></datafield><datafield tag="550" ind1=" " ind2=" "><subfield code="w">h</subfield><subfield code="a">Tītī tōrea</subfield></datafield><datafield tag="550" ind1=" " ind2=" "><subfield code="w">h</subfield><subfield code="a">Whai</subfield></datafield><datafield tag="680" ind1=" " ind2=" "><subfield code="i">Whakamārama: Ko ngā momo tākaro.</subfield></datafield><datafield tag="680" ind1=" " ind2=" "><subfield code="i">Scope Note: Traditional games and activities using sticks, hands and poi.</subfield></datafield></record>