<record><leader>00000nz  a2200000n  4500</leader><controlfield tag="001">3087</controlfield><controlfield tag="003">NzReo</controlfield><controlfield tag="008">100720 n anznnbab|          || ana      </controlfield><datafield tag="040" ind1=" " ind2=" "><subfield code="a">Nz</subfield><subfield code="c">Nz</subfield><subfield code="f">reo</subfield></datafield><datafield tag="150" ind1=" " ind2=" "><subfield code="a">Whakataetae</subfield></datafield><datafield tag="450" ind1=" " ind2=" "><subfield code="a">Competitive activities</subfield></datafield><datafield tag="550" ind1=" " ind2=" "><subfield code="w">g</subfield><subfield code="a">Tākaro</subfield></datafield><datafield tag="550" ind1=" " ind2=" "><subfield code="w">h</subfield><subfield code="a">Kaiwhakataetae</subfield></datafield><datafield tag="550" ind1=" " ind2=" "><subfield code="w">h</subfield><subfield code="a">Kapa haka whakataetae a motu</subfield></datafield><datafield tag="550" ind1=" " ind2=" "><subfield code="w">h</subfield><subfield code="a">Kapa haka whakataetae a rohe</subfield></datafield><datafield tag="550" ind1=" " ind2=" "><subfield code="w">h</subfield><subfield code="a">Taumāhekeheke</subfield></datafield><datafield tag="550" ind1=" " ind2=" "><subfield code="w">h</subfield><subfield code="a">Whakataetae-a-waka</subfield></datafield><datafield tag="550" ind1=" " ind2=" "><subfield code="w">h</subfield><subfield code="a">Whakataetae whaikōrero</subfield></datafield><datafield tag="680" ind1=" " ind2=" "><subfield code="i">Whakamārama: Ka uru ki tētahi momo kakari, ki tētahi kaupapa rānei e tika ana kia puta he toa, me te whai kia toa ko koe.</subfield></datafield><datafield tag="680" ind1=" " ind2=" "><subfield code="i">Scope Note: Competitive activities with the focus on winning as the primary goal, including sports, speech competitions and political campaigns. See also: Competitive recreational activities</subfield></datafield></record>