<record><leader>00000nz  a2200000n  4500</leader><controlfield tag="001">4488</controlfield><controlfield tag="003">NzReo</controlfield><controlfield tag="008">150108 n anznnbab|          || ana      </controlfield><datafield tag="040" ind1=" " ind2=" "><subfield code="a">Nz</subfield><subfield code="c">Nz</subfield><subfield code="f">reo</subfield></datafield><datafield tag="150" ind1=" " ind2=" "><subfield code="a">Whakataetae hōiho</subfield></datafield><datafield tag="450" ind1=" " ind2=" "><subfield code="a">Equestrian events</subfield></datafield><datafield tag="450" ind1=" " ind2=" "><subfield code="a">Equestrianism</subfield></datafield><datafield tag="450" ind1=" " ind2=" "><subfield code="a">Events, Equestrian</subfield></datafield><datafield tag="450" ind1=" " ind2=" "><subfield code="a">Gymkhanas</subfield></datafield><datafield tag="550" ind1=" " ind2=" "><subfield code="w">g</subfield><subfield code="a">Eke hōiho</subfield></datafield><datafield tag="550" ind1=" " ind2=" "><subfield code="w">g</subfield><subfield code="a">Hākinakina</subfield></datafield></record>