<record><leader>00000nz  a2200000n  4500</leader><controlfield tag="001">1151</controlfield><controlfield tag="003">NzReo</controlfield><controlfield tag="008">060331 n anznnbab|          || ana      </controlfield><datafield tag="040" ind1=" " ind2=" "><subfield code="a">Nz</subfield><subfield code="c">Nz</subfield><subfield code="f">reo</subfield></datafield><datafield tag="150" ind1=" " ind2=" "><subfield code="a">Whakataetae manu kōrero</subfield></datafield><datafield tag="450" ind1=" " ind2=" "><subfield code="a">Secondary school speech contests</subfield></datafield><datafield tag="450" ind1=" " ind2=" "><subfield code="a">Speech contests, Secondary school</subfield></datafield><datafield tag="550" ind1=" " ind2=" "><subfield code="a">Wharekura</subfield></datafield><datafield tag="550" ind1=" " ind2=" "><subfield code="w">g</subfield><subfield code="a">Whakataetae whaikōrero</subfield></datafield><datafield tag="680" ind1=" " ind2=" "><subfield code="i">Whakamārama: Whakataetae ā tau mo tetahi momo whaikōrero, kōrero hoki.</subfield></datafield><datafield tag="680" ind1=" " ind2=" "><subfield code="i">Scope Note: Annual secondary school speech competitions.</subfield></datafield></record>