<record><leader>00000nz  a2200000n  4500</leader><controlfield tag="001">1647</controlfield><controlfield tag="003">NzReo</controlfield><controlfield tag="008">060524 n anznnbab|          || ana      </controlfield><datafield tag="040" ind1=" " ind2=" "><subfield code="a">Nz</subfield><subfield code="c">Nz</subfield><subfield code="f">reo</subfield></datafield><datafield tag="150" ind1=" " ind2=" "><subfield code="a">Whakataka</subfield></datafield><datafield tag="450" ind1=" " ind2=" "><subfield code="a">Hokataka</subfield></datafield><datafield tag="450" ind1=" " ind2=" "><subfield code="a">Whakatata</subfield></datafield><datafield tag="450" ind1=" " ind2=" "><subfield code="a">Chatham Islands Corokia</subfield></datafield><datafield tag="550" ind1=" " ind2=" "><subfield code="w">g</subfield><subfield code="a">Mauwha</subfield></datafield><datafield tag="680" ind1=" " ind2=" "><subfield code="i">Whakamārama: He rākau ririki nō Rēkohu. He kōwhaitea ngā pua. He karaka, he kura, he pango rānei ngā hua.</subfield></datafield><datafield tag="680" ind1=" " ind2=" "><subfield code="i">Scope Note: A yellow-flowered small tree from the Chatham Islands. The berry is orange or red to black. Corokia macrocarpa.</subfield></datafield></record>