<record><leader>00000nz  a2200000n  4500</leader><controlfield tag="001">1100</controlfield><controlfield tag="003">NzReo</controlfield><controlfield tag="008">050831 n anznnbab|          || ana      </controlfield><datafield tag="040" ind1=" " ind2=" "><subfield code="a">Nz</subfield><subfield code="c">Nz</subfield><subfield code="f">reo</subfield></datafield><datafield tag="150" ind1=" " ind2=" "><subfield code="a">Whakatau mauri</subfield></datafield><datafield tag="450" ind1=" " ind2=" "><subfield code="a">Bargaining</subfield></datafield><datafield tag="450" ind1=" " ind2=" "><subfield code="a">Dispute resolution</subfield></datafield><datafield tag="450" ind1=" " ind2=" "><subfield code="a">Settlements</subfield></datafield><datafield tag="550" ind1=" " ind2=" "><subfield code="a">Hara</subfield></datafield><datafield tag="550" ind1=" " ind2=" "><subfield code="a">Kerēme (Tiriti o Waitangi)</subfield></datafield><datafield tag="550" ind1=" " ind2=" "><subfield code="a">Muru</subfield></datafield><datafield tag="550" ind1=" " ind2=" "><subfield code="a">Tāngata</subfield></datafield><datafield tag="550" ind1=" " ind2=" "><subfield code="a">Whakatau take</subfield></datafield><datafield tag="550" ind1=" " ind2=" "><subfield code="w">g</subfield><subfield code="a">Tikanga</subfield></datafield><datafield tag="680" ind1=" " ind2=" "><subfield code="i">Whakamārama: Ka whakatau te mauri o te hunga kua whakaparahako ai i ngā wā o mua, pērā i ngā whakahētanga i ahu mai ai i Te Tiriti o Waitangi.</subfield></datafield><datafield tag="680" ind1=" " ind2=" "><subfield code="i">Scope Note: Settlements which resonate with aggrieved groups in a deeper and more meaningful way. Use for matters relating to past grievances and Treaty of Waitangi settlements. See also : Kerēme (Tiriti o Waitangi), or, Whakatau take for general settlement issues.</subfield></datafield></record>