<record><leader>00000nz  a2200000n  4500</leader><controlfield tag="001">1036</controlfield><controlfield tag="003">NzReo</controlfield><controlfield tag="008">050831 n anznnbab|          || ana      </controlfield><datafield tag="040" ind1=" " ind2=" "><subfield code="a">Nz</subfield><subfield code="c">Nz</subfield><subfield code="f">reo</subfield></datafield><datafield tag="150" ind1=" " ind2=" "><subfield code="a">Whakatau take</subfield></datafield><datafield tag="450" ind1=" " ind2=" "><subfield code="a">Dispute resolution laws</subfield></datafield><datafield tag="450" ind1=" " ind2=" "><subfield code="a">Disputes</subfield></datafield><datafield tag="450" ind1=" " ind2=" "><subfield code="a">Marae justice</subfield></datafield><datafield tag="450" ind1=" " ind2=" "><subfield code="a">Settlements (General)</subfield></datafield><datafield tag="550" ind1=" " ind2=" "><subfield code="a">Muru</subfield></datafield><datafield tag="550" ind1=" " ind2=" "><subfield code="a">Whakatau mauri</subfield></datafield><datafield tag="550" ind1=" " ind2=" "><subfield code="w">g</subfield><subfield code="a">Mahi whakaauraki</subfield></datafield><datafield tag="550" ind1=" " ind2=" "><subfield code="w">g</subfield><subfield code="a">Ture</subfield></datafield><datafield tag="680" ind1=" " ind2=" "><subfield code="i">Whakamārama: Ko te whakatau take, he whakataunga wenewene kia ea ai ngā tautohetohe, ngā pāmamae, ngā nawe o ētahi tangata, ētahi rōpū, ētahi whānau rānei.</subfield></datafield><datafield tag="680" ind1=" " ind2=" "><subfield code="i">Scope Note: A general term for disputes and settlements. Use for dispute resolution laws, including mediation, facilitation, group conferences and marae justice programmes.</subfield></datafield></record>