<record><leader>00000nz  a2200000n  4500</leader><controlfield tag="001">1144</controlfield><controlfield tag="003">NzReo</controlfield><controlfield tag="008">060331 n anznnbab|          || ana      </controlfield><datafield tag="040" ind1=" " ind2=" "><subfield code="a">Nz</subfield><subfield code="c">Nz</subfield><subfield code="f">reo</subfield></datafield><datafield tag="150" ind1=" " ind2=" "><subfield code="a">Whakataukī</subfield></datafield><datafield tag="450" ind1=" " ind2=" "><subfield code="a">Metaphorical sayings</subfield></datafield><datafield tag="450" ind1=" " ind2=" "><subfield code="a">Proverbs</subfield></datafield><datafield tag="450" ind1=" " ind2=" "><subfield code="a">Sayings, Metaphorical</subfield></datafield><datafield tag="550" ind1=" " ind2=" "><subfield code="a">Kīrehu</subfield></datafield><datafield tag="550" ind1=" " ind2=" "><subfield code="a">Kīwaha</subfield></datafield><datafield tag="550" ind1=" " ind2=" "><subfield code="a">Pepeha</subfield></datafield><datafield tag="550" ind1=" " ind2=" "><subfield code="a">Whakatauākī</subfield></datafield><datafield tag="550" ind1=" " ind2=" "><subfield code="w">g</subfield><subfield code="a">Kōrero</subfield></datafield><datafield tag="680" ind1=" " ind2=" "><subfield code="i">Whakamārama: He kōrero tūturu mo tētahi wāhi, mahi, aha rānei ki tā te tangata, iwi rānei e tautoko ana.</subfield></datafield><datafield tag="680" ind1=" " ind2=" "><subfield code="i">Scope Note: Proverbs and traditional metaphorical sayings, said with emphasis. Sayings of unspecified origin.</subfield></datafield></record>