<record><leader>00000nz  a2200000n  4500</leader><controlfield tag="001">774</controlfield><controlfield tag="003">NzReo</controlfield><controlfield tag="008">050825 n anznnbab|          || ana      </controlfield><datafield tag="040" ind1=" " ind2=" "><subfield code="a">Nz</subfield><subfield code="c">Nz</subfield><subfield code="f">reo</subfield></datafield><datafield tag="150" ind1=" " ind2=" "><subfield code="a">Whakawātea</subfield></datafield><datafield tag="550" ind1=" " ind2=" "><subfield code="w">g</subfield><subfield code="a">Kapa haka</subfield></datafield><datafield tag="680" ind1=" " ind2=" "><subfield code="i">Whakamārama: He haka whakawātea i te atamira.</subfield></datafield><datafield tag="680" ind1=" " ind2=" "><subfield code="i">Scope Note: A song performed by the kapa haka group as it leaves the stage.</subfield></datafield></record>