<record><leader>00000nz  a2200000n  4500</leader><controlfield tag="001">4209</controlfield><controlfield tag="003">NzReo</controlfield><controlfield tag="008">131015 n anznnbab|          || ana      </controlfield><datafield tag="040" ind1=" " ind2=" "><subfield code="a">Nz</subfield><subfield code="c">Nz</subfield><subfield code="f">reo</subfield></datafield><datafield tag="150" ind1=" " ind2=" "><subfield code="a">Whakawetitanga</subfield></datafield><datafield tag="450" ind1=" " ind2=" "><subfield code="a">Hawene</subfield></datafield><datafield tag="450" ind1=" " ind2=" "><subfield code="a">Bullying</subfield></datafield><datafield tag="550" ind1=" " ind2=" "><subfield code="w">g</subfield><subfield code="a">Kanga</subfield></datafield><datafield tag="550" ind1=" " ind2=" "><subfield code="w">g</subfield><subfield code="a">Tūkinotanga</subfield></datafield><datafield tag="680" ind1=" " ind2=" "><subfield code="i">Whakamārama: He mahi whakaiti tangata.</subfield></datafield><datafield tag="680" ind1=" " ind2=" "><subfield code="i">Scope Note: Includes physical, verbal and cyber bullying.</subfield></datafield></record>