<record><leader>00000nz  a2200000n  4500</leader><controlfield tag="001">2738</controlfield><controlfield tag="003">NzReo</controlfield><controlfield tag="008">060607 n anznnbab|          || ana      </controlfield><datafield tag="040" ind1=" " ind2=" "><subfield code="a">Nz</subfield><subfield code="c">Nz</subfield><subfield code="f">reo</subfield></datafield><datafield tag="150" ind1=" " ind2=" "><subfield code="a">Whakawhitiwhitinga kōrero</subfield></datafield><datafield tag="450" ind1=" " ind2=" "><subfield code="a">Communication</subfield></datafield><datafield tag="550" ind1=" " ind2=" "><subfield code="a">Umanga</subfield></datafield><datafield tag="550" ind1=" " ind2=" "><subfield code="w">g</subfield><subfield code="a">Kōrero</subfield></datafield><datafield tag="680" ind1=" " ind2=" "><subfield code="i">Whakamārama: Ko ngā whitiwhiti kōrero</subfield></datafield><datafield tag="680" ind1=" " ind2=" "><subfield code="i">Scope Note: The skill of sharing information with each other.</subfield></datafield></record>