<record><leader>00000nz  a2200000n  4500</leader><controlfield tag="001">62</controlfield><controlfield tag="003">NzReo</controlfield><controlfield tag="008">060407 n anznnbab|          || ana      </controlfield><datafield tag="040" ind1=" " ind2=" "><subfield code="a">Nz</subfield><subfield code="c">Nz</subfield><subfield code="f">reo</subfield></datafield><datafield tag="150" ind1=" " ind2=" "><subfield code="a">Whānau</subfield></datafield><datafield tag="450" ind1=" " ind2=" "><subfield code="a">Family</subfield></datafield><datafield tag="550" ind1=" " ind2=" "><subfield code="a">Ako</subfield></datafield><datafield tag="550" ind1=" " ind2=" "><subfield code="a">Hapori whānau</subfield></datafield><datafield tag="550" ind1=" " ind2=" "><subfield code="a">Hui-ā-whānau</subfield></datafield><datafield tag="550" ind1=" " ind2=" "><subfield code="a">Ingoa</subfield></datafield><datafield tag="550" ind1=" " ind2=" "><subfield code="a">Kōtiro</subfield></datafield><datafield tag="550" ind1=" " ind2=" "><subfield code="a">Rā whānau</subfield></datafield><datafield tag="550" ind1=" " ind2=" "><subfield code="a">Tāngata whenua</subfield></datafield><datafield tag="550" ind1=" " ind2=" "><subfield code="a">Whanaungatanga</subfield></datafield><datafield tag="550" ind1=" " ind2=" "><subfield code="w">g</subfield><subfield code="a">Hapū</subfield></datafield><datafield tag="550" ind1=" " ind2=" "><subfield code="w">g</subfield><subfield code="a">Tāngata</subfield></datafield><datafield tag="550" ind1=" " ind2=" "><subfield code="w">h</subfield><subfield code="a">Kaumātua</subfield></datafield><datafield tag="550" ind1=" " ind2=" "><subfield code="w">h</subfield><subfield code="a">Kōhungahunga</subfield></datafield><datafield tag="550" ind1=" " ind2=" "><subfield code="w">h</subfield><subfield code="a">Māmā</subfield></datafield><datafield tag="550" ind1=" " ind2=" "><subfield code="w">h</subfield><subfield code="a">Mātua</subfield></datafield><datafield tag="550" ind1=" " ind2=" "><subfield code="w">h</subfield><subfield code="a">Mokopuna</subfield></datafield><datafield tag="550" ind1=" " ind2=" "><subfield code="w">h</subfield><subfield code="a">Pakeke</subfield></datafield><datafield tag="550" ind1=" " ind2=" "><subfield code="w">h</subfield><subfield code="a">Pāpā</subfield></datafield><datafield tag="550" ind1=" " ind2=" "><subfield code="w">h</subfield><subfield code="a">Pēpē</subfield></datafield><datafield tag="550" ind1=" " ind2=" "><subfield code="w">h</subfield><subfield code="a">Taiohi</subfield></datafield><datafield tag="550" ind1=" " ind2=" "><subfield code="w">h</subfield><subfield code="a">Taitamariki</subfield></datafield><datafield tag="550" ind1=" " ind2=" "><subfield code="w">h</subfield><subfield code="a">Tamāhine</subfield></datafield><datafield tag="550" ind1=" " ind2=" "><subfield code="w">h</subfield><subfield code="a">Tamariki</subfield></datafield><datafield tag="550" ind1=" " ind2=" "><subfield code="w">h</subfield><subfield code="a">Tamariki nohinohi</subfield></datafield><datafield tag="550" ind1=" " ind2=" "><subfield code="w">h</subfield><subfield code="a">Tuakana-teina</subfield></datafield><datafield tag="550" ind1=" " ind2=" "><subfield code="w">h</subfield><subfield code="a">Tungāne</subfield></datafield><datafield tag="680" ind1=" " ind2=" "><subfield code="i">Whakamārama: Ko te whānau te pūtake o te hapū, iwi rānei.</subfield></datafield><datafield tag="680" ind1=" " ind2=" "><subfield code="i">Scope Note: The family is the natural and fundamental kinship unit of society.</subfield></datafield></record>