<record><leader>00000nz  a2200000n  4500</leader><controlfield tag="001">828</controlfield><controlfield tag="003">NzReo</controlfield><controlfield tag="008">050831 n anznnbab|          || ana      </controlfield><datafield tag="040" ind1=" " ind2=" "><subfield code="a">Nz</subfield><subfield code="c">Nz</subfield><subfield code="f">reo</subfield></datafield><datafield tag="150" ind1=" " ind2=" "><subfield code="a">Whānau mārama</subfield></datafield><datafield tag="450" ind1=" " ind2=" "><subfield code="a">Whānau ariki</subfield></datafield><datafield tag="450" ind1=" " ind2=" "><subfield code="a">Whānau puhi ariki</subfield></datafield><datafield tag="450" ind1=" " ind2=" "><subfield code="a">Whānau puni</subfield></datafield><datafield tag="450" ind1=" " ind2=" "><subfield code="a">Heavenly bodies</subfield></datafield><datafield tag="450" ind1=" " ind2=" "><subfield code="a">Solar system</subfield></datafield><datafield tag="550" ind1=" " ind2=" "><subfield code="a">Mahere whetū</subfield></datafield><datafield tag="550" ind1=" " ind2=" "><subfield code="a">Matariki</subfield></datafield><datafield tag="550" ind1=" " ind2=" "><subfield code="a">Pūtaiao</subfield></datafield><datafield tag="550" ind1=" " ind2=" "><subfield code="a">Tohunga kōkōrangi</subfield></datafield><datafield tag="550" ind1=" " ind2=" "><subfield code="w">g</subfield><subfield code="a">Ātea</subfield></datafield><datafield tag="550" ind1=" " ind2=" "><subfield code="w">h</subfield><subfield code="a">Auahi-turoa</subfield></datafield><datafield tag="550" ind1=" " ind2=" "><subfield code="w">h</subfield><subfield code="a">Mangōroa</subfield></datafield><datafield tag="550" ind1=" " ind2=" "><subfield code="w">h</subfield><subfield code="a">Marama</subfield></datafield><datafield tag="550" ind1=" " ind2=" "><subfield code="w">h</subfield><subfield code="a">Matakōkiri</subfield></datafield><datafield tag="550" ind1=" " ind2=" "><subfield code="w">h</subfield><subfield code="a">Rā</subfield></datafield><datafield tag="550" ind1=" " ind2=" "><subfield code="w">h</subfield><subfield code="a">Tātai arorangi</subfield></datafield><datafield tag="550" ind1=" " ind2=" "><subfield code="w">h</subfield><subfield code="a">Tātai whetū</subfield></datafield><datafield tag="550" ind1=" " ind2=" "><subfield code="w">h</subfield><subfield code="a">Wāhanga o te tau</subfield></datafield><datafield tag="550" ind1=" " ind2=" "><subfield code="w">h</subfield><subfield code="a">Whetū</subfield></datafield><datafield tag="550" ind1=" " ind2=" "><subfield code="w">h</subfield><subfield code="a">Whetū kōkori</subfield></datafield><datafield tag="680" ind1=" " ind2=" "><subfield code="i">Whakamārama: E marama ana te whānau mārama i te rangi, hei kākahu mo Ranginui.</subfield></datafield><datafield tag="680" ind1=" " ind2=" "><subfield code="i">Scope Note: Knowledge of all the heavenly bodies, e.g. sun, stars, etc.</subfield></datafield></record>