<record><leader>00000nz  a2200000n  4500</leader><controlfield tag="001">4410</controlfield><controlfield tag="003">NzReo</controlfield><controlfield tag="008">140904 n anznnbab|          || ana      </controlfield><datafield tag="040" ind1=" " ind2=" "><subfield code="a">Nz</subfield><subfield code="c">Nz</subfield><subfield code="f">reo</subfield></datafield><datafield tag="150" ind1=" " ind2=" "><subfield code="a">Whānau pani</subfield></datafield><datafield tag="450" ind1=" " ind2=" "><subfield code="a">Kirimate</subfield></datafield><datafield tag="450" ind1=" " ind2=" "><subfield code="a">Bereaved family</subfield></datafield><datafield tag="450" ind1=" " ind2=" "><subfield code="a">Family, Bereaved</subfield></datafield><datafield tag="450" ind1=" " ind2=" "><subfield code="a">Family, Grieving</subfield></datafield><datafield tag="450" ind1=" " ind2=" "><subfield code="a">Grieving family</subfield></datafield><datafield tag="550" ind1=" " ind2=" "><subfield code="a">Kawe mate</subfield></datafield><datafield tag="550" ind1=" " ind2=" "><subfield code="w">g</subfield><subfield code="a">Tangihanga</subfield></datafield></record>