<record><leader>00000nz  a2200000n  4500</leader><controlfield tag="001">1086</controlfield><controlfield tag="003">NzReo</controlfield><controlfield tag="008">050831 n anznnbab|          || ana      </controlfield><datafield tag="040" ind1=" " ind2=" "><subfield code="a">Nz</subfield><subfield code="c">Nz</subfield><subfield code="f">reo</subfield></datafield><datafield tag="150" ind1=" " ind2=" "><subfield code="a">Whanaungatanga</subfield></datafield><datafield tag="450" ind1=" " ind2=" "><subfield code="a">Family relationships</subfield></datafield><datafield tag="450" ind1=" " ind2=" "><subfield code="a">Friendships</subfield></datafield><datafield tag="450" ind1=" " ind2=" "><subfield code="a">Kinship</subfield></datafield><datafield tag="450" ind1=" " ind2=" "><subfield code="a">Relationships, Family</subfield></datafield><datafield tag="550" ind1=" " ind2=" "><subfield code="a">Tāngata</subfield></datafield><datafield tag="550" ind1=" " ind2=" "><subfield code="a">Whakapapa</subfield></datafield><datafield tag="550" ind1=" " ind2=" "><subfield code="a">Whānau</subfield></datafield><datafield tag="550" ind1=" " ind2=" "><subfield code="w">g</subfield><subfield code="a">Hauora whānau</subfield></datafield><datafield tag="550" ind1=" " ind2=" "><subfield code="w">g</subfield><subfield code="a">Tikanga tuku iho</subfield></datafield><datafield tag="550" ind1=" " ind2=" "><subfield code="w">h</subfield><subfield code="a">Atawhai</subfield></datafield><datafield tag="550" ind1=" " ind2=" "><subfield code="w">h</subfield><subfield code="a">Iwi</subfield></datafield><datafield tag="550" ind1=" " ind2=" "><subfield code="w">h</subfield><subfield code="a">Mōkai (Whanaungatanga)</subfield></datafield><datafield tag="550" ind1=" " ind2=" "><subfield code="w">h</subfield><subfield code="a">Whāngai</subfield></datafield><datafield tag="680" ind1=" " ind2=" "><subfield code="i">Whakamārama: Te hononga ā-whakapapa, ā-toto, tētahi atu momo hononga rānei o te tangata ki tētahi atu e kīia ai he whanaunga, he hoa tata rānei.</subfield></datafield><datafield tag="680" ind1=" " ind2=" "><subfield code="i">Scope Note: A sense of belonging to a people; a system of kinship, including friendship and blood relationships between people.</subfield></datafield></record>