<record><leader>00000nz  a2200000n  4500</leader><controlfield tag="001">1091</controlfield><controlfield tag="003">NzReo</controlfield><controlfield tag="008">050831 n anznnbab|          || ana      </controlfield><datafield tag="040" ind1=" " ind2=" "><subfield code="a">Nz</subfield><subfield code="c">Nz</subfield><subfield code="f">reo</subfield></datafield><datafield tag="150" ind1=" " ind2=" "><subfield code="a">Whāngai</subfield></datafield><datafield tag="450" ind1=" " ind2=" "><subfield code="a">Mātua whāngai</subfield></datafield><datafield tag="450" ind1=" " ind2=" "><subfield code="a">Adoption</subfield></datafield><datafield tag="550" ind1=" " ind2=" "><subfield code="a">Atawhai</subfield></datafield><datafield tag="550" ind1=" " ind2=" "><subfield code="a">Mana tiaki tamariki</subfield></datafield><datafield tag="550" ind1=" " ind2=" "><subfield code="w">g</subfield><subfield code="a">Whanaungatanga</subfield></datafield><datafield tag="680" ind1=" " ind2=" "><subfield code="i">Whakamārama: Ko te hunga e tipu ana ki raro i te maru o tana kuia, koroua, whānau ake rānei hi mea atawhai.</subfield></datafield><datafield tag="680" ind1=" " ind2=" "><subfield code="i">Scope Note: To take responsibility to feed, nurture and shelter a person, particularly a child.</subfield></datafield></record>