<record><leader>00000nz  a2200000n  4500</leader><controlfield tag="001">1563</controlfield><controlfield tag="003">NzReo</controlfield><controlfield tag="008">060524 n anznnbab|          || ana      </controlfield><datafield tag="040" ind1=" " ind2=" "><subfield code="a">Nz</subfield><subfield code="c">Nz</subfield><subfield code="f">reo</subfield></datafield><datafield tag="150" ind1=" " ind2=" "><subfield code="a">Whara</subfield></datafield><datafield tag="550" ind1=" " ind2=" "><subfield code="a">Aka</subfield></datafield><datafield tag="550" ind1=" " ind2=" "><subfield code="a">Huruhuru whenua</subfield></datafield><datafield tag="550" ind1=" " ind2=" "><subfield code="a">Mauwha</subfield></datafield><datafield tag="550" ind1=" " ind2=" "><subfield code="a">Otaota</subfield></datafield><datafield tag="550" ind1=" " ind2=" "><subfield code="a">Otaota hāwere</subfield></datafield><datafield tag="550" ind1=" " ind2=" "><subfield code="a">Pūkohu</subfield></datafield><datafield tag="550" ind1=" " ind2=" "><subfield code="a">Rākau whakakake</subfield></datafield><datafield tag="550" ind1=" " ind2=" "><subfield code="a">Rākau whakaruruhau</subfield></datafield><datafield tag="550" ind1=" " ind2=" "><subfield code="a">Rākau whakauru</subfield></datafield><datafield tag="550" ind1=" " ind2=" "><subfield code="w">g</subfield><subfield code="a">Te Wao nui a Tāne</subfield></datafield><datafield tag="550" ind1=" " ind2=" "><subfield code="w">h</subfield><subfield code="a">Harakeke</subfield></datafield><datafield tag="550" ind1=" " ind2=" "><subfield code="w">h</subfield><subfield code="a">Kahakaha</subfield></datafield><datafield tag="550" ind1=" " ind2=" "><subfield code="w">h</subfield><subfield code="a">Kōwharawhara</subfield></datafield><datafield tag="550" ind1=" " ind2=" "><subfield code="w">h</subfield><subfield code="a">Kuta</subfield></datafield><datafield tag="550" ind1=" " ind2=" "><subfield code="w">h</subfield><subfield code="a">Māika</subfield></datafield><datafield tag="550" ind1=" " ind2=" "><subfield code="w">h</subfield><subfield code="a">Oioi</subfield></datafield><datafield tag="550" ind1=" " ind2=" "><subfield code="w">h</subfield><subfield code="a">Pātītī</subfield></datafield><datafield tag="550" ind1=" " ind2=" "><subfield code="w">h</subfield><subfield code="a">Pīngao</subfield></datafield><datafield tag="550" ind1=" " ind2=" "><subfield code="w">h</subfield><subfield code="a">Raupō</subfield></datafield><datafield tag="550" ind1=" " ind2=" "><subfield code="w">h</subfield><subfield code="a">Raupō taranga</subfield></datafield><datafield tag="550" ind1=" " ind2=" "><subfield code="w">h</subfield><subfield code="a">Taro</subfield></datafield><datafield tag="550" ind1=" " ind2=" "><subfield code="w">h</subfield><subfield code="a">Tī koraha</subfield></datafield><datafield tag="550" ind1=" " ind2=" "><subfield code="w">h</subfield><subfield code="a">Toetoe</subfield></datafield><datafield tag="550" ind1=" " ind2=" "><subfield code="w">h</subfield><subfield code="a">Wīwī</subfield></datafield><datafield tag="680" ind1=" " ind2=" "><subfield code="i">Whakamārama: Ko ngā otaota whai rito pērā i te harakeke, i te kiekie, me ērā atu.</subfield></datafield><datafield tag="680" ind1=" " ind2=" "><subfield code="i">Scope Note: A category of plants with ensiform (sheathing) leaves, such as the harakeke/flax. Used for most monocotyledons (plants with a single seedleaf).</subfield></datafield></record>