<record><leader>00000nz  a2200000n  4500</leader><controlfield tag="001">3449</controlfield><controlfield tag="003">NzReo</controlfield><controlfield tag="008">101221 n anznnbab|          || ana      </controlfield><datafield tag="040" ind1=" " ind2=" "><subfield code="a">Nz</subfield><subfield code="c">Nz</subfield><subfield code="f">reo</subfield></datafield><datafield tag="150" ind1=" " ind2=" "><subfield code="a">Whare herehere</subfield></datafield><datafield tag="450" ind1=" " ind2=" "><subfield code="a">Jails</subfield></datafield><datafield tag="450" ind1=" " ind2=" "><subfield code="a">Prisons</subfield></datafield><datafield tag="550" ind1=" " ind2=" "><subfield code="a">Hara</subfield></datafield><datafield tag="550" ind1=" " ind2=" "><subfield code="a">Mātauranga haratūtanga</subfield></datafield><datafield tag="550" ind1=" " ind2=" "><subfield code="a">Ture hara</subfield></datafield><datafield tag="550" ind1=" " ind2=" "><subfield code="w">g</subfield><subfield code="a">Pūnaha ture taihara</subfield></datafield><datafield tag="550" ind1=" " ind2=" "><subfield code="w">g</subfield><subfield code="a">Whare</subfield></datafield><datafield tag="550" ind1=" " ind2=" "><subfield code="w">h</subfield><subfield code="a">Mauhere</subfield></datafield></record>