<record><leader>00000nz  a2200000n  4500</leader><controlfield tag="001">1204</controlfield><controlfield tag="003">NzReo</controlfield><controlfield tag="008">060413 n anznnbab|          || ana      </controlfield><datafield tag="040" ind1=" " ind2=" "><subfield code="a">Nz</subfield><subfield code="c">Nz</subfield><subfield code="f">reo</subfield></datafield><datafield tag="150" ind1=" " ind2=" "><subfield code="a">Whare nui</subfield></datafield><datafield tag="450" ind1=" " ind2=" "><subfield code="a">Houses, Large meeting</subfield></datafield><datafield tag="450" ind1=" " ind2=" "><subfield code="a">Meeting houses</subfield></datafield><datafield tag="450" ind1=" " ind2=" "><subfield code="a">Meeting houses (large)</subfield></datafield><datafield tag="550" ind1=" " ind2=" "><subfield code="a">Whare hui</subfield></datafield><datafield tag="550" ind1=" " ind2=" "><subfield code="w">g</subfield><subfield code="a">Whare</subfield></datafield><datafield tag="680" ind1=" " ind2=" "><subfield code="i">Whakamārama: He nui rawa tēnei whare ā he ruarua noa iho ngā whakairo.</subfield></datafield><datafield tag="680" ind1=" " ind2=" "><subfield code="i">Scope Note: A large meeting house with very few carvings.</subfield></datafield></record>