<record><leader>00000nz  a2200000n  4500</leader><controlfield tag="001">3636</controlfield><controlfield tag="003">NzReo</controlfield><controlfield tag="008">110603 n anznnbab|          || ana      </controlfield><datafield tag="040" ind1=" " ind2=" "><subfield code="a">Nz</subfield><subfield code="c">Nz</subfield><subfield code="f">reo</subfield></datafield><datafield tag="150" ind1=" " ind2=" "><subfield code="a">Whare pukapuka</subfield></datafield><datafield tag="450" ind1=" " ind2=" "><subfield code="a">Pātaka kōrero</subfield></datafield><datafield tag="450" ind1=" " ind2=" "><subfield code="a">Pātaka pukapuka</subfield></datafield><datafield tag="450" ind1=" " ind2=" "><subfield code="a">Puna mātauranga</subfield></datafield><datafield tag="450" ind1=" " ind2=" "><subfield code="a">Puna maumahara</subfield></datafield><datafield tag="450" ind1=" " ind2=" "><subfield code="a">Whare mātauranga</subfield></datafield><datafield tag="450" ind1=" " ind2=" "><subfield code="a">Information services</subfield></datafield><datafield tag="450" ind1=" " ind2=" "><subfield code="a">Libraries</subfield></datafield><datafield tag="550" ind1=" " ind2=" "><subfield code="a">Ratonga</subfield></datafield><datafield tag="550" ind1=" " ind2=" "><subfield code="a">Waihanga</subfield></datafield><datafield tag="550" ind1=" " ind2=" "><subfield code="a">Whare taonga</subfield></datafield><datafield tag="550" ind1=" " ind2=" "><subfield code="a">Whare tukunga kōrero</subfield></datafield><datafield tag="550" ind1=" " ind2=" "><subfield code="w">g</subfield><subfield code="a">Kōrero</subfield></datafield><datafield tag="550" ind1=" " ind2=" "><subfield code="w">g</subfield><subfield code="a">Rangahau</subfield></datafield></record>