<record><leader>00000nz  a2200000n  4500</leader><controlfield tag="001">4063</controlfield><controlfield tag="003">NzReo</controlfield><controlfield tag="008">120503 n anznnbab|          || ana      </controlfield><datafield tag="040" ind1=" " ind2=" "><subfield code="a">Nz</subfield><subfield code="c">Nz</subfield><subfield code="f">reo</subfield></datafield><datafield tag="150" ind1=" " ind2=" "><subfield code="a">Whare tangata</subfield></datafield><datafield tag="450" ind1=" " ind2=" "><subfield code="a">Kōpū</subfield></datafield><datafield tag="450" ind1=" " ind2=" "><subfield code="a">Uterus</subfield></datafield><datafield tag="450" ind1=" " ind2=" "><subfield code="a">Womb</subfield></datafield><datafield tag="550" ind1=" " ind2=" "><subfield code="a">Te Awa Atua</subfield></datafield><datafield tag="550" ind1=" " ind2=" "><subfield code="a">Tinana</subfield></datafield><datafield tag="550" ind1=" " ind2=" "><subfield code="w">g</subfield><subfield code="a">Wāhine</subfield></datafield><datafield tag="680" ind1=" " ind2=" "><subfield code="i">Whakamārama: Te whare āhuru mōwai o te pēpē e kukune mai ai i te kōpū o te whaea.</subfield></datafield><datafield tag="680" ind1=" " ind2=" "><subfield code="i">Scope Note: The house of human life, where new life is nurtured and developed in the womb.</subfield></datafield></record>