<record><leader>00000nz  a2200000n  4500</leader><controlfield tag="001">2773</controlfield><controlfield tag="003">NzReo</controlfield><controlfield tag="008">071210 n anznnbab|          || ana      </controlfield><datafield tag="040" ind1=" " ind2=" "><subfield code="a">Nz</subfield><subfield code="c">Nz</subfield><subfield code="f">reo</subfield></datafield><datafield tag="150" ind1=" " ind2=" "><subfield code="a">Whare taonga</subfield></datafield><datafield tag="450" ind1=" " ind2=" "><subfield code="a">Museums</subfield></datafield><datafield tag="550" ind1=" " ind2=" "><subfield code="a">Whare pukapuka</subfield></datafield><datafield tag="550" ind1=" " ind2=" "><subfield code="a">Whare tukunga kōrero</subfield></datafield><datafield tag="550" ind1=" " ind2=" "><subfield code="w">g</subfield><subfield code="a">Whare</subfield></datafield><datafield tag="550" ind1=" " ind2=" "><subfield code="w">h</subfield><subfield code="a">Whakaaturanga toi ataata</subfield></datafield><datafield tag="680" ind1=" " ind2=" "><subfield code="i">Whakamārama: Ko te whare taonga he whare pupuri i ngā taonga o te ao whānui hei tirohanga mō te taonga.</subfield></datafield></record>