<record><leader>00000nz  a2200000n  4500</leader><controlfield tag="001">1067</controlfield><controlfield tag="003">NzReo</controlfield><controlfield tag="008">050831 n anznnbab|          || ana      </controlfield><datafield tag="040" ind1=" " ind2=" "><subfield code="a">Nz</subfield><subfield code="c">Nz</subfield><subfield code="f">reo</subfield></datafield><datafield tag="150" ind1=" " ind2=" "><subfield code="a">Whare wānanga</subfield></datafield><datafield tag="450" ind1=" " ind2=" "><subfield code="a">Houses of learning (Traditional)</subfield></datafield><datafield tag="450" ind1=" " ind2=" "><subfield code="a">Universities</subfield></datafield><datafield tag="450" ind1=" " ind2=" "><subfield code="a">Whare pūrākau</subfield></datafield><datafield tag="550" ind1=" " ind2=" "><subfield code="a">Ako</subfield></datafield><datafield tag="550" ind1=" " ind2=" "><subfield code="a">Kura tuatoru</subfield></datafield><datafield tag="550" ind1=" " ind2=" "><subfield code="a">Pūkengatanga</subfield></datafield><datafield tag="550" ind1=" " ind2=" "><subfield code="a">Tohunga</subfield></datafield><datafield tag="550" ind1=" " ind2=" "><subfield code="a">Wānanga</subfield></datafield><datafield tag="550" ind1=" " ind2=" "><subfield code="w">g</subfield><subfield code="a">Waihanga</subfield></datafield><datafield tag="550" ind1=" " ind2=" "><subfield code="w">g</subfield><subfield code="a">Whare</subfield></datafield><datafield tag="550" ind1=" " ind2=" "><subfield code="w">h</subfield><subfield code="a">Tohu mātauranga</subfield></datafield><datafield tag="680" ind1=" " ind2=" "><subfield code="i">Whakamārama: E rua ngā horopaki. Tuatahi, he whare, he wāhi rānei e whāngaia ai ngā tauira ki ngā āhuatanga o te kauwaerunga. Tuarua, he whare tuku mātauranga, mahi rangahau, kei a ia te mana ki te whakawhiwhi i ngā tohu mātauranga tino tiketike o te motu.</subfield></datafield><datafield tag="680" ind1=" " ind2=" "><subfield code="i">Scope Note: Houses of learning used in two different contexts. The first is traditional schools that teach pupils aspects of celestial knowledge. Second, is esteemed academic institutions that confer qualifications to graduates. See also: Wānanga (Traditional education) and Kura tuatoru (Tertiary education).</subfield></datafield></record>