<record><leader>00000nz  a2200000n  4500</leader><controlfield tag="001">4005</controlfield><controlfield tag="003">NzReo</controlfield><controlfield tag="008">120501 n anznnbab|          || ana      </controlfield><datafield tag="040" ind1=" " ind2=" "><subfield code="a">Nz</subfield><subfield code="c">Nz</subfield><subfield code="f">reo</subfield></datafield><datafield tag="150" ind1=" " ind2=" "><subfield code="a">Whare whakaaturanga kīrehe</subfield></datafield><datafield tag="450" ind1=" " ind2=" "><subfield code="a">Animal enclosures</subfield></datafield><datafield tag="450" ind1=" " ind2=" "><subfield code="a">Enclosures, Animal</subfield></datafield><datafield tag="450" ind1=" " ind2=" "><subfield code="a">Parks, Wildlife</subfield></datafield><datafield tag="450" ind1=" " ind2=" "><subfield code="a">Wildlife parks</subfield></datafield><datafield tag="450" ind1=" " ind2=" "><subfield code="a">Zoos</subfield></datafield><datafield tag="550" ind1=" " ind2=" "><subfield code="a">Kararehe</subfield></datafield><datafield tag="550" ind1=" " ind2=" "><subfield code="w">g</subfield><subfield code="a">Whare</subfield></datafield><datafield tag="680" ind1=" " ind2=" "><subfield code="i">Whakamārama: Ngā momo wāhi e noho ai ngā kīrehe, ngā kararehe hoki ka whakaaturia atu ki ngā tangata.</subfield></datafield><datafield tag="680" ind1=" " ind2=" "><subfield code="i">Scope Note: Any area, building, cage, enclosure or other structure or premise in which a living animal or animals are kept for public exhibition or viewing.</subfield></datafield></record>