<record><leader>00000nz  a2200000n  4500</leader><controlfield tag="001">2049</controlfield><controlfield tag="003">NzReo</controlfield><controlfield tag="008">060524 n anznnbab|          || ana      </controlfield><datafield tag="040" ind1=" " ind2=" "><subfield code="a">Nz</subfield><subfield code="c">Nz</subfield><subfield code="f">reo</subfield></datafield><datafield tag="150" ind1=" " ind2=" "><subfield code="a">Wharekohu</subfield></datafield><datafield tag="550" ind1=" " ind2=" "><subfield code="w">g</subfield><subfield code="a">Rākau whakauru</subfield></datafield><datafield tag="680" ind1=" " ind2=" "><subfield code="i">Whakamārama: He momo rākau rite ki te neinei, kei Te Wai Pounamu anake e tupu ana.</subfield></datafield><datafield tag="680" ind1=" " ind2=" "><subfield code="i">Scope Note: A tree resembling neinei (i.e. growing in forests in mountainous country with thin branches ending in a bunch of leaves), but found only in the South Island. Dracophyllum urvilleanum.</subfield></datafield></record>