<record><leader>00000nz  a2200000n  4500</leader><controlfield tag="001">1066</controlfield><controlfield tag="003">NzReo</controlfield><controlfield tag="008">050831 n anznnbab|          || ana      </controlfield><datafield tag="040" ind1=" " ind2=" "><subfield code="a">Nz</subfield><subfield code="c">Nz</subfield><subfield code="f">reo</subfield></datafield><datafield tag="150" ind1=" " ind2=" "><subfield code="a">Wharekura</subfield></datafield><datafield tag="450" ind1=" " ind2=" "><subfield code="a">Schools, Secondary (Māori)</subfield></datafield><datafield tag="450" ind1=" " ind2=" "><subfield code="a">Secondary schools (Māori)</subfield></datafield><datafield tag="550" ind1=" " ind2=" "><subfield code="a">Ako</subfield></datafield><datafield tag="550" ind1=" " ind2=" "><subfield code="a">Kura tuarua</subfield></datafield><datafield tag="550" ind1=" " ind2=" "><subfield code="a">Pūkengatanga</subfield></datafield><datafield tag="550" ind1=" " ind2=" "><subfield code="a">Taiohi</subfield></datafield><datafield tag="550" ind1=" " ind2=" "><subfield code="a">Whakataetae manu kōrero</subfield></datafield><datafield tag="550" ind1=" " ind2=" "><subfield code="w">g</subfield><subfield code="a">Waihanga</subfield></datafield><datafield tag="550" ind1=" " ind2=" "><subfield code="w">g</subfield><subfield code="a">Whare</subfield></datafield><datafield tag="680" ind1=" " ind2=" "><subfield code="i">Whakamārama: He kura e kawe ana i ngā akoranga o te kura tuarua, ko te reo Māori te reo whakaako, e haere ai ngā ākonga o ngā kura kaupapa, o ngā akomanga rumaki rānei.</subfield></datafield><datafield tag="680" ind1=" " ind2=" "><subfield code="i">Scope Note: Secondary schools that teach students in the Māori language, designed for graduates of Kura Kaupapa Māori (Māori primary schools) and mainstream Māori immersion classes. See also Kura tuarua (Secondary schools (Mainstream)).</subfield></datafield></record>