<record><leader>00000nz  a2200000n  4500</leader><controlfield tag="001">1205</controlfield><controlfield tag="003">NzReo</controlfield><controlfield tag="008">060413 n anznnbab|          || ana      </controlfield><datafield tag="040" ind1=" " ind2=" "><subfield code="a">Nz</subfield><subfield code="c">Nz</subfield><subfield code="f">reo</subfield></datafield><datafield tag="150" ind1=" " ind2=" "><subfield code="a">Wharepuni</subfield></datafield><datafield tag="450" ind1=" " ind2=" "><subfield code="a">Whare puni</subfield></datafield><datafield tag="450" ind1=" " ind2=" "><subfield code="a">Houses, Meeting</subfield></datafield><datafield tag="450" ind1=" " ind2=" "><subfield code="a">Meeting houses</subfield></datafield><datafield tag="550" ind1=" " ind2=" "><subfield code="w">g</subfield><subfield code="a">Whare</subfield></datafield><datafield tag="680" ind1=" " ind2=" "><subfield code="i">Whakamārama: He whare tūpuna e whakarei ana i ngā whakairo.</subfield></datafield><datafield tag="680" ind1=" " ind2=" "><subfield code="i">Scope Note: A carved meeting house, generally named for an ancestor.</subfield></datafield></record>