<record><leader>00000nz  a2200000n  4500</leader><controlfield tag="001">543</controlfield><controlfield tag="003">NzReo</controlfield><controlfield tag="008">050629 n anznnbab|          || ana      </controlfield><datafield tag="040" ind1=" " ind2=" "><subfield code="a">Nz</subfield><subfield code="c">Nz</subfield><subfield code="f">reo</subfield></datafield><datafield tag="150" ind1=" " ind2=" "><subfield code="a">Whāriki mo te papa i roto i te whare</subfield></datafield><datafield tag="550" ind1=" " ind2=" "><subfield code="w">g</subfield><subfield code="a">Whāriki</subfield></datafield><datafield tag="680" ind1=" " ind2=" "><subfield code="i">Whakamārama: He whāriki mo ia wahanga o te whare, pērā hoki te whāriki i rō whare.</subfield></datafield><datafield tag="680" ind1=" " ind2=" "><subfield code="i">Scope Note: These are mats made for specific parts of the house, like those used inside.</subfield></datafield></record>