<record><leader>00000nz  a2200000n  4500</leader><controlfield tag="001">2088</controlfield><controlfield tag="003">NzReo</controlfield><controlfield tag="008">060524 n anznnbab|          || ana      </controlfield><datafield tag="040" ind1=" " ind2=" "><subfield code="a">Nz</subfield><subfield code="c">Nz</subfield><subfield code="f">reo</subfield></datafield><datafield tag="150" ind1=" " ind2=" "><subfield code="a">Whau</subfield></datafield><datafield tag="450" ind1=" " ind2=" "><subfield code="a">Hauama</subfield></datafield><datafield tag="450" ind1=" " ind2=" "><subfield code="a">Whauama</subfield></datafield><datafield tag="550" ind1=" " ind2=" "><subfield code="w">g</subfield><subfield code="a">Rākau whakauru</subfield></datafield><datafield tag="680" ind1=" " ind2=" "><subfield code="i">Whakamārama: He rākau tupu ai i te takutai moana. He rākau māā, pai hei kārewa. He nunui, he angiangi ngā rau. He maroke, he taratara ngā hua.</subfield></datafield><datafield tag="680" ind1=" " ind2=" "><subfield code="i">Scope Note: A coastal tree with very light wood used for fishing floats. The large thin leaves are heart-shaped. The fruit capsule is dry and spiny. Entelea arborescens.</subfield></datafield></record>