<record><leader>00000nz  a2200000n  4500</leader><controlfield tag="001">1383</controlfield><controlfield tag="003">NzReo</controlfield><controlfield tag="008">060511 n anznnbab|          || ana      </controlfield><datafield tag="040" ind1=" " ind2=" "><subfield code="a">Nz</subfield><subfield code="c">Nz</subfield><subfield code="f">reo</subfield></datafield><datafield tag="150" ind1=" " ind2=" "><subfield code="a">Whekau</subfield></datafield><datafield tag="450" ind1=" " ind2=" "><subfield code="a">Laughing owls</subfield></datafield><datafield tag="450" ind1=" " ind2=" "><subfield code="a">Owls, Laughing</subfield></datafield><datafield tag="550" ind1=" " ind2=" "><subfield code="w">g</subfield><subfield code="a">Manu ngahere</subfield></datafield><datafield tag="550" ind1=" " ind2=" "><subfield code="w">g</subfield><subfield code="a">Manu ngaro</subfield></datafield><datafield tag="680" ind1=" " ind2=" "><subfield code="i">Whakamārama: He momo ruru kua ngaro ki te ao. He rahi atu i te ruru koukou, he mā te mata.</subfield></datafield><datafield tag="680" ind1=" " ind2=" "><subfield code="i">Scope Note: A large extinct owl, bigger than the ruru/morepork and with a white face.</subfield></datafield></record>