<record><leader>00000nz  a2200000n  4500</leader><controlfield tag="001">1982</controlfield><controlfield tag="003">NzReo</controlfield><controlfield tag="008">060524 n anznnbab|          || ana      </controlfield><datafield tag="040" ind1=" " ind2=" "><subfield code="a">Nz</subfield><subfield code="c">Nz</subfield><subfield code="f">reo</subfield></datafield><datafield tag="150" ind1=" " ind2=" "><subfield code="a">Whekī</subfield></datafield><datafield tag="450" ind1=" " ind2=" "><subfield code="a">Pēhiakura</subfield></datafield><datafield tag="450" ind1=" " ind2=" "><subfield code="a">Rough treeferns</subfield></datafield><datafield tag="450" ind1=" " ind2=" "><subfield code="a">Treeferns, Rough</subfield></datafield><datafield tag="550" ind1=" " ind2=" "><subfield code="w">g</subfield><subfield code="a">Rākau whakaruruhau</subfield></datafield><datafield tag="680" ind1=" " ind2=" "><subfield code="i">Whakamārama: He kaponga tupu noa. Ko ngā rauhuru he tūmārō, he pērā anō ngā tātā parauri. He āhua ura te tīwai, ā, e mau tonu ana ngā rauhuru maroke.</subfield></datafield><datafield tag="680" ind1=" " ind2=" "><subfield code="i">Scope Note: A common treefern with harsh fronds and a brownish trunk covered with the bases of dead fronds. The stalks are dark brown and tough to the touch. Dicksonia squarrosa.</subfield></datafield></record>