<record><leader>00000nz  a2200000n  4500</leader><controlfield tag="001">1983</controlfield><controlfield tag="003">NzReo</controlfield><controlfield tag="008">060524 n anznnbab|          || ana      </controlfield><datafield tag="040" ind1=" " ind2=" "><subfield code="a">Nz</subfield><subfield code="c">Nz</subfield><subfield code="f">reo</subfield></datafield><datafield tag="150" ind1=" " ind2=" "><subfield code="a">Whekī ponga</subfield></datafield><datafield tag="450" ind1=" " ind2=" "><subfield code="a">Kuranui pākao</subfield></datafield><datafield tag="450" ind1=" " ind2=" "><subfield code="a">Kurīpākā</subfield></datafield><datafield tag="450" ind1=" " ind2=" "><subfield code="a">Tūkirunga</subfield></datafield><datafield tag="450" ind1=" " ind2=" "><subfield code="a">Whekī kohunga</subfield></datafield><datafield tag="450" ind1=" " ind2=" "><subfield code="a">Treeferns</subfield></datafield><datafield tag="550" ind1=" " ind2=" "><subfield code="w">g</subfield><subfield code="a">Rākau whakaruruhau</subfield></datafield><datafield tag="680" ind1=" " ind2=" "><subfield code="i">Whakamārama: He kaponga rite ki te whekī. He weuweu hāuratea kei te take o te tīwai, pērā i o te mamaku. Ko ngā tātā he maene, he hāuratea.</subfield></datafield><datafield tag="680" ind1=" " ind2=" "><subfield code="i">Scope Note: A treefern with harsh fronds and brownish trunk resembling Whekī/rough treeferns, but with fine brown rootlets over the base of the trunk. The stalks of the fronds are pale brown and smooth. Dicksonia fibrosa.</subfield></datafield></record>