<record><leader>00000nz  a2200000n  4500</leader><controlfield tag="001">2461</controlfield><controlfield tag="003">NzReo</controlfield><controlfield tag="008">060531 n anznnbab|          || ana      </controlfield><datafield tag="040" ind1=" " ind2=" "><subfield code="a">Nz</subfield><subfield code="c">Nz</subfield><subfield code="f">reo</subfield></datafield><datafield tag="150" ind1=" " ind2=" "><subfield code="a">Whenua (Wāhine)</subfield></datafield><datafield tag="450" ind1=" " ind2=" "><subfield code="a">Placenta</subfield></datafield><datafield tag="550" ind1=" " ind2=" "><subfield code="a">Hauora whānau</subfield></datafield><datafield tag="550" ind1=" " ind2=" "><subfield code="a">Papatūānuku</subfield></datafield><datafield tag="550" ind1=" " ind2=" "><subfield code="w">g</subfield><subfield code="a">Wāhine</subfield></datafield><datafield tag="680" ind1=" " ind2=" "><subfield code="i">Whakamārama: Ka rere te whenua a muri i te putanga o te pēpe, katahi ka tukuna atu te whenua ki a Papatūānuku.</subfield></datafield><datafield tag="680" ind1=" " ind2=" "><subfield code="i">Scope Note: The placenta in afterbirth is traditionally taken back to the ancestral lands.</subfield></datafield></record>