<record><leader>00000nz  a2200000n  4500</leader><controlfield tag="001">452</controlfield><controlfield tag="003">NzReo</controlfield><controlfield tag="008">050624 n anznnbab|          || ana      </controlfield><datafield tag="040" ind1=" " ind2=" "><subfield code="a">Nz</subfield><subfield code="c">Nz</subfield><subfield code="f">reo</subfield></datafield><datafield tag="150" ind1=" " ind2=" "><subfield code="a">Whenua rāhui</subfield></datafield><datafield tag="450" ind1=" " ind2=" "><subfield code="a">Conservation, Land</subfield></datafield><datafield tag="450" ind1=" " ind2=" "><subfield code="a">Land conservation</subfield></datafield><datafield tag="550" ind1=" " ind2=" "><subfield code="a">Aukati</subfield></datafield><datafield tag="550" ind1=" " ind2=" "><subfield code="a">Kaitiakitanga</subfield></datafield><datafield tag="550" ind1=" " ind2=" "><subfield code="a">Mana whenua</subfield></datafield><datafield tag="550" ind1=" " ind2=" "><subfield code="w">g</subfield><subfield code="a">Rāhui</subfield></datafield><datafield tag="550" ind1=" " ind2=" "><subfield code="w">g</subfield><subfield code="a">Whenua</subfield></datafield><datafield tag="550" ind1=" " ind2=" "><subfield code="w">h</subfield><subfield code="a">Pou rāhui</subfield></datafield><datafield tag="680" ind1=" " ind2=" "><subfield code="i">Whakamārama: He wāhi e watea ana i tetahi aituā, me te atawhai hoki i te whenua.</subfield></datafield><datafield tag="680" ind1=" " ind2=" "><subfield code="i">Scope Note: A temporary prohibition on the land against trespass in connection with tapu or to protect natural resources against overexploitation. Used commonly in the Department of Conservation.</subfield></datafield></record>