<record><leader>00000nz  a2200000n  4500</leader><controlfield tag="001">502</controlfield><controlfield tag="003">NzReo</controlfield><controlfield tag="008">050624 n anznnbab|          || ana      </controlfield><datafield tag="040" ind1=" " ind2=" "><subfield code="a">Nz</subfield><subfield code="c">Nz</subfield><subfield code="f">reo</subfield></datafield><datafield tag="150" ind1=" " ind2=" "><subfield code="a">Whenua raupatu</subfield></datafield><datafield tag="450" ind1=" " ind2=" "><subfield code="a">Confiscation, Land</subfield></datafield><datafield tag="450" ind1=" " ind2=" "><subfield code="a">Disputes, Land</subfield></datafield><datafield tag="450" ind1=" " ind2=" "><subfield code="a">Land confiscation</subfield></datafield><datafield tag="450" ind1=" " ind2=" "><subfield code="a">Land disputes</subfield></datafield><datafield tag="550" ind1=" " ind2=" "><subfield code="a">Muru whenua</subfield></datafield><datafield tag="550" ind1=" " ind2=" "><subfield code="a">Raupatu</subfield></datafield><datafield tag="550" ind1=" " ind2=" "><subfield code="a">Ringa kaha</subfield></datafield><datafield tag="550" ind1=" " ind2=" "><subfield code="a">Tiriti o Waitangi</subfield></datafield><datafield tag="550" ind1=" " ind2=" "><subfield code="a">Whenua tautohetohe</subfield></datafield><datafield tag="550" ind1=" " ind2=" "><subfield code="w">g</subfield><subfield code="a">Whenua</subfield></datafield><datafield tag="680" ind1=" " ind2=" "><subfield code="i">Whakamārama: Raupatu o te taiaha. Raupatu o te kawanatanga.</subfield></datafield><datafield tag="680" ind1=" " ind2=" "><subfield code="i">Scope Note: Traditional usage: land in dispute. Contemporary usage: iwi/tribal lands confiscated by the government after the land wars. Used to describe content in the Waitangi Tribunal reports, Raupatu Bank Documents collection, Māori land law, Māori land history, New Zealand land law.</subfield></datafield></record>