<record><leader>00000nz  a2200000n  4500</leader><controlfield tag="001">451</controlfield><controlfield tag="003">NzReo</controlfield><controlfield tag="008">050624 n anznnbab|          || ana      </controlfield><datafield tag="040" ind1=" " ind2=" "><subfield code="a">Nz</subfield><subfield code="c">Nz</subfield><subfield code="f">reo</subfield></datafield><datafield tag="150" ind1=" " ind2=" "><subfield code="a">Whenua tautohetohe</subfield></datafield><datafield tag="450" ind1=" " ind2=" "><subfield code="a">Disputed land</subfield></datafield><datafield tag="450" ind1=" " ind2=" "><subfield code="a">Land, Disputed</subfield></datafield><datafield tag="550" ind1=" " ind2=" "><subfield code="a">Hokohoko whenua</subfield></datafield><datafield tag="550" ind1=" " ind2=" "><subfield code="a">Mana whenua</subfield></datafield><datafield tag="550" ind1=" " ind2=" "><subfield code="a">Muru whenua</subfield></datafield><datafield tag="550" ind1=" " ind2=" "><subfield code="a">Tautohetohe</subfield></datafield><datafield tag="550" ind1=" " ind2=" "><subfield code="a">Tiriti o Waitangi</subfield></datafield><datafield tag="550" ind1=" " ind2=" "><subfield code="a">Whenua raupatu</subfield></datafield><datafield tag="550" ind1=" " ind2=" "><subfield code="w">g</subfield><subfield code="a">Whenua</subfield></datafield><datafield tag="680" ind1=" " ind2=" "><subfield code="i">Whakamārama: He whenua e tautohetohe ana a Māori ma, a Māori me te Karauna hoki.</subfield></datafield><datafield tag="680" ind1=" " ind2=" "><subfield code="i">Scope Note: Lands of which the ownership is disputed/contested among Māori or between Māori and others e.g. the Crown. Used to describe content in the Waitangi Tribunal reports.</subfield></datafield></record>