<record><leader>00000nz  a2200000n  4500</leader><controlfield tag="001">468</controlfield><controlfield tag="003">NzReo</controlfield><controlfield tag="008">050624 n anznnbab|          || ana      </controlfield><datafield tag="040" ind1=" " ind2=" "><subfield code="a">Nz</subfield><subfield code="c">Nz</subfield><subfield code="f">reo</subfield></datafield><datafield tag="150" ind1=" " ind2=" "><subfield code="a">Whenua tupuna</subfield></datafield><datafield tag="450" ind1=" " ind2=" "><subfield code="a">Whenua tuko iho</subfield></datafield><datafield tag="450" ind1=" " ind2=" "><subfield code="a">Entitlements, Land</subfield></datafield><datafield tag="450" ind1=" " ind2=" "><subfield code="a">Land entitlements</subfield></datafield><datafield tag="450" ind1=" " ind2=" "><subfield code="a">Land succession</subfield></datafield><datafield tag="450" ind1=" " ind2=" "><subfield code="a">Wenua tupuna</subfield></datafield><datafield tag="450" ind1=" " ind2=" "><subfield code="a">Whenua tipuna</subfield></datafield><datafield tag="550" ind1=" " ind2=" "><subfield code="a">Ahi kā</subfield></datafield><datafield tag="550" ind1=" " ind2=" "><subfield code="a">Papakāinga</subfield></datafield><datafield tag="550" ind1=" " ind2=" "><subfield code="a">Tuku whenua</subfield></datafield><datafield tag="550" ind1=" " ind2=" "><subfield code="w">g</subfield><subfield code="a">Mana whenua</subfield></datafield><datafield tag="680" ind1=" " ind2=" "><subfield code="i">Whakamārama: He whenua tuku iho mai no tuawhakarere.</subfield></datafield><datafield tag="680" ind1=" " ind2=" "><subfield code="i">Scope Note: Entitlements to pass land down from one generation to another. Used commonly in Māori land courts and Māori land law.</subfield></datafield></record>