<record><leader>00000nz  a2200000n  4500</leader><controlfield tag="001">843</controlfield><controlfield tag="003">NzReo</controlfield><controlfield tag="008">050831 n anznnbab|          || ana      </controlfield><datafield tag="040" ind1=" " ind2=" "><subfield code="a">Nz</subfield><subfield code="c">Nz</subfield><subfield code="f">reo</subfield></datafield><datafield tag="150" ind1=" " ind2=" "><subfield code="a">Whetū</subfield></datafield><datafield tag="450" ind1=" " ind2=" "><subfield code="a">Rā riki</subfield></datafield><datafield tag="450" ind1=" " ind2=" "><subfield code="a">Whānau riki</subfield></datafield><datafield tag="450" ind1=" " ind2=" "><subfield code="a">Stars</subfield></datafield><datafield tag="550" ind1=" " ind2=" "><subfield code="a">Tātai whetū</subfield></datafield><datafield tag="550" ind1=" " ind2=" "><subfield code="w">g</subfield><subfield code="a">Whānau mārama</subfield></datafield><datafield tag="550" ind1=" " ind2=" "><subfield code="w">h</subfield><subfield code="a">Autahi</subfield></datafield><datafield tag="550" ind1=" " ind2=" "><subfield code="w">h</subfield><subfield code="a">Meremere</subfield></datafield><datafield tag="550" ind1=" " ind2=" "><subfield code="w">h</subfield><subfield code="a">Puanga</subfield></datafield><datafield tag="550" ind1=" " ind2=" "><subfield code="w">h</subfield><subfield code="a">Takurua (Whetū)</subfield></datafield><datafield tag="550" ind1=" " ind2=" "><subfield code="w">h</subfield><subfield code="a">Tarewa</subfield></datafield><datafield tag="680" ind1=" " ind2=" "><subfield code="i">Whakamārama: He rerekē ngā tikanga o ngā whetū ki ngā auahi tūroa. E ōrite ana ngā āhuatanga i ngā wā katoa.</subfield></datafield><datafield tag="680" ind1=" " ind2=" "><subfield code="i">Scope Note: Celestial bodies that have a regular pattern of rising and setting.</subfield></datafield></record>