<record><leader>00000nz  a2200000n  4500</leader><controlfield tag="001">1784</controlfield><controlfield tag="003">NzReo</controlfield><controlfield tag="008">060524 n anznnbab|          || ana      </controlfield><datafield tag="040" ind1=" " ind2=" "><subfield code="a">Nz</subfield><subfield code="c">Nz</subfield><subfield code="f">reo</subfield></datafield><datafield tag="150" ind1=" " ind2=" "><subfield code="a">Wheuwheu</subfield></datafield><datafield tag="450" ind1=" " ind2=" "><subfield code="a">Sphagnum mosses</subfield></datafield><datafield tag="550" ind1=" " ind2=" "><subfield code="w">g</subfield><subfield code="a">Pūkohu</subfield></datafield><datafield tag="680" ind1=" " ind2=" "><subfield code="i">Whakamārama: He pūkohu rārāpiri. He whiriwhiri ngā tātā, he porohita, he rite ki te ūnahi ngā rau.</subfield></datafield><datafield tag="680" ind1=" " ind2=" "><subfield code="i">Scope Note: A creeping moss which forms mats. The stems are plait-like with scale-like circular leaves. Lembophyllum divulsum.</subfield></datafield></record>