<record><leader>00000nz  a2200000n  4500</leader><controlfield tag="001">1547</controlfield><controlfield tag="003">NzReo</controlfield><controlfield tag="008">060511 n anznnbab|          || ana      </controlfield><datafield tag="040" ind1=" " ind2=" "><subfield code="a">Nz</subfield><subfield code="c">Nz</subfield><subfield code="f">reo</subfield></datafield><datafield tag="150" ind1=" " ind2=" "><subfield code="a">Whio</subfield></datafield><datafield tag="450" ind1=" " ind2=" "><subfield code="a">Korowhio</subfield></datafield><datafield tag="450" ind1=" " ind2=" "><subfield code="a">Whiorau</subfield></datafield><datafield tag="450" ind1=" " ind2=" "><subfield code="a">Blue ducks</subfield></datafield><datafield tag="450" ind1=" " ind2=" "><subfield code="a">Ducks, Blue</subfield></datafield><datafield tag="450" ind1=" " ind2=" "><subfield code="a">Ducks, Whistling</subfield></datafield><datafield tag="450" ind1=" " ind2=" "><subfield code="a">Whistling ducks</subfield></datafield><datafield tag="550" ind1=" " ind2=" "><subfield code="w">g</subfield><subfield code="a">Manu waimāori</subfield></datafield><datafield tag="680" ind1=" " ind2=" "><subfield code="i">Whakamārama: He rakiraki whakamokeke. He ōrangihina te tuarā, he kōpure ura. He hina te poho, he māwherotea ngā ngutu, he parauri ngā waewae.</subfield></datafield><datafield tag="680" ind1=" " ind2=" "><subfield code="i">Scope Note: A secretive duck with grey/blue plumage flecked with brown on the back. The bill is pale pink. Hymenolaimus malacorhynchus.</subfield></datafield></record>