<record><leader>00000nz  a2200000n  4500</leader><controlfield tag="001">1765</controlfield><controlfield tag="003">NzReo</controlfield><controlfield tag="008">060524 n anznnbab|          || ana      </controlfield><datafield tag="040" ind1=" " ind2=" "><subfield code="a">Nz</subfield><subfield code="c">Nz</subfield><subfield code="f">reo</subfield></datafield><datafield tag="150" ind1=" " ind2=" "><subfield code="a">Whiri o raukatauri</subfield></datafield><datafield tag="450" ind1=" " ind2=" "><subfield code="a">Club mosses</subfield></datafield><datafield tag="450" ind1=" " ind2=" "><subfield code="a">Mosses, Club</subfield></datafield><datafield tag="550" ind1=" " ind2=" "><subfield code="w">g</subfield><subfield code="a">Otaota hāwere</subfield></datafield><datafield tag="680" ind1=" " ind2=" "><subfield code="i">Whakamārama: He otaota hāwere, kei runga i ngā rākau o te ngahere e tupu ana. He whiri te āhua, tautau iho ai.</subfield></datafield><datafield tag="680" ind1=" " ind2=" "><subfield code="i">Scope Note: A type of club-moss living as an epiphyte. The drooping fertile stems are like square whiri/plaits branched into two. Lycopodium billardieri.</subfield></datafield></record>