<record><leader>00000nz  a2200000n  4500</leader><controlfield tag="001">3181</controlfield><controlfield tag="003">NzReo</controlfield><controlfield tag="008">100727 n anznnbab|          || ana      </controlfield><datafield tag="040" ind1=" " ind2=" "><subfield code="a">Nz</subfield><subfield code="c">Nz</subfield><subfield code="f">reo</subfield></datafield><datafield tag="150" ind1=" " ind2=" "><subfield code="a">Whutupōro</subfield></datafield><datafield tag="450" ind1=" " ind2=" "><subfield code="a">Hutupōro</subfield></datafield><datafield tag="450" ind1=" " ind2=" "><subfield code="a">Putupaoro</subfield></datafield><datafield tag="450" ind1=" " ind2=" "><subfield code="a">Putupōro</subfield></datafield><datafield tag="450" ind1=" " ind2=" "><subfield code="a">Rugby Union football</subfield></datafield><datafield tag="450" ind1=" " ind2=" "><subfield code="a">Whutupāoro</subfield></datafield><datafield tag="550" ind1=" " ind2=" "><subfield code="a">Karapu whutupōro</subfield></datafield><datafield tag="550" ind1=" " ind2=" "><subfield code="w">g</subfield><subfield code="a">Hākinakina</subfield></datafield><datafield tag="550" ind1=" " ind2=" "><subfield code="w">h</subfield><subfield code="a">Kaitākaro whutupōro</subfield></datafield><datafield tag="550" ind1=" " ind2=" "><subfield code="w">h</subfield><subfield code="a">Ōpango</subfield></datafield></record>