<record><leader>00000nz  a2200000n  4500</leader><controlfield tag="001">217</controlfield><controlfield tag="003">NzReo</controlfield><controlfield tag="008">060607 n anznnbab|          || ana      </controlfield><datafield tag="040" ind1=" " ind2=" "><subfield code="a">Nz</subfield><subfield code="c">Nz</subfield><subfield code="f">reo</subfield></datafield><datafield tag="150" ind1=" " ind2=" "><subfield code="a">Wiki o te reo Māori</subfield></datafield><datafield tag="450" ind1=" " ind2=" "><subfield code="a">Māori language week</subfield></datafield><datafield tag="550" ind1=" " ind2=" "><subfield code="w">g</subfield><subfield code="a">Reo Māori</subfield></datafield><datafield tag="680" ind1=" " ind2=" "><subfield code="i">Whakamārama: Ko te wiki kotahi i wehea ia tau hei whakanui i te reo Māori a-tuhi, a-waha.</subfield></datafield><datafield tag="680" ind1=" " ind2=" "><subfield code="i">Scope Note: A week featuring special emphasis on the use of written and spoken Māori, held once a year.</subfield></datafield></record>