<record><leader>00000nz  a2200000n  4500</leader><controlfield tag="001">1766</controlfield><controlfield tag="003">NzReo</controlfield><controlfield tag="008">060524 n anznnbab|          || ana      </controlfield><datafield tag="040" ind1=" " ind2=" "><subfield code="a">Nz</subfield><subfield code="c">Nz</subfield><subfield code="f">reo</subfield></datafield><datafield tag="150" ind1=" " ind2=" "><subfield code="a">Winika</subfield></datafield><datafield tag="550" ind1=" " ind2=" "><subfield code="w">g</subfield><subfield code="a">Otaota hāwere</subfield></datafield><datafield tag="680" ind1=" " ind2=" "><subfield code="i">Whakamārama: He otaota rārāpiri pērā i te peka ā waka. He tokomanga, he kōwhaitea ngā tātā. Ko ngā pua he mā, he kura a waenganui.</subfield></datafield><datafield tag="680" ind1=" " ind2=" "><subfield code="i">Scope Note: An epiphytic orchid with branched yellowish stems and white flowers with reddish-purple centres. Dendrobium cunninghamii.</subfield></datafield></record>