<record><leader>00000nz  a2200000n  4500</leader><controlfield tag="001">782</controlfield><controlfield tag="003">NzReo</controlfield><controlfield tag="008">050825 n anznnbab|          || ana      </controlfield><datafield tag="040" ind1=" " ind2=" "><subfield code="a">Nz</subfield><subfield code="c">Nz</subfield><subfield code="f">reo</subfield></datafield><datafield tag="150" ind1=" " ind2=" "><subfield code="a">Wiri</subfield></datafield><datafield tag="550" ind1=" " ind2=" "><subfield code="a">Hine-Raumati</subfield></datafield><datafield tag="550" ind1=" " ind2=" "><subfield code="a">Hine-Takurua</subfield></datafield><datafield tag="550" ind1=" " ind2=" "><subfield code="a">Tāne-Rore</subfield></datafield><datafield tag="550" ind1=" " ind2=" "><subfield code="w">g</subfield><subfield code="a">Waiata ā ringa</subfield></datafield><datafield tag="680" ind1=" " ind2=" "><subfield code="i">Scope Note: Quivering of the hands demonstrates the heat waves from Tāne-Rore and his wives Hine-Raumati and Hine-Takurua.</subfield></datafield></record>