<record><leader>00000nz  a2200000n  4500</leader><controlfield tag="001">1804</controlfield><controlfield tag="003">NzReo</controlfield><controlfield tag="008">060524 n anznnbab|          || ana      </controlfield><datafield tag="040" ind1=" " ind2=" "><subfield code="a">Nz</subfield><subfield code="c">Nz</subfield><subfield code="f">reo</subfield></datafield><datafield tag="150" ind1=" " ind2=" "><subfield code="a">Wīwī</subfield></datafield><datafield tag="450" ind1=" " ind2=" "><subfield code="a">Rushes, Small</subfield></datafield><datafield tag="450" ind1=" " ind2=" "><subfield code="a">Small rushes</subfield></datafield><datafield tag="550" ind1=" " ind2=" "><subfield code="w">g</subfield><subfield code="a">Whara</subfield></datafield><datafield tag="680" ind1=" " ind2=" "><subfield code="i">Whakamārama: He tarutaru rite ki te pūrekireki, tupu ai i ngā wāhi reporepo.</subfield></datafield><datafield tag="680" ind1=" " ind2=" "><subfield code="i">Scope Note: A term for small rushes resembling sedges, forming mats in wet places. Juncus spp.</subfield></datafield></record>